@inproceedings{SCRIPT_MONAD_PAPER,
  title={Monadic Scripting in F\# for Computer Games},
  author={Maggiore, G and Bugliesi, M and Orsini, R},
  booktitle={TTSS’11—5th International Workshop on Harnessing Theories for Tool Support in Software},
  pages={35},
  year={2011}
}

@misc{CIV4,
  title = {Civlization IV scripting API reference},
  author = {{Firaxis Games}},
  howpublished = "\url{http://wiki.massgate.net/Our_Python_files_and_Event_Structure}",
  month = {October},
  year = {2008}
}

@misc{GAME_MAKER,
  title = {Game maker scripting reference},
  author = {Mark Overmars},
  howpublished = "\url{http://docs.yoyogames.com/source/dadiospice/002_reference/index.html}",
  year = {1999}
}

@misc{JASS,
  title = {JASS API reference},
  author = {{Blizzard Entertainment}},
  howpublished = "\url{http://jass.sourceforge.net/doc/}",
  year = {1999}
}

@misc{NW_SCRIPT,
  title = {NWScript API reference},
  author = {{Bioware}},
  howpublished = "\url{http://www.nwnlexicon.com/}",
  year = {2002}
}

@book{AI_GAMES,
 author = {Millington, Ian and Funge, John},
 title = {Artificial Intelligence for Games, Second Edition},
 year = {2009},
 isbn = {0123747317, 9780123747310},
 edition = {2nd},
 publisher = {Morgan Kaufmann Publishers Inc.},
 address = {San Francisco, CA, USA},
} 

@misc{WIC,
  title = {World in Conflict script reference},
  author = {{Massive Entertainment}},
  howpublished = "\url{http://civ4bug.sourceforge.net/PythonAPI/}",
  month = {September},
  year = {2007}
}

@paper{GAME_DESCRIPTION_LANGUAGE,
	author = {Michael Thielscher},
	title = {A General Game Description Language for Incomplete Information Games},
	conference = {AAAI Conference on Artificial Intelligence},
	year = {2010},
	keywords = {General Game Playing; Knowledge Representation}
}

@article{UNREAL_ENGINE,
  title={UnrealScript language reference},
  author={Sweeney, Tim and Hendriks, Michiel},
  journal={Epic MegaGames, Inc},
  year={1998}
}

@inproceedings{CASANOVA1_PAPER,
 author = {Maggiore, Giuseppe and Span\`{o}, Alvise and Orsini, Renzo and Bugliesi, Michele and Abbadi, Mohamed and Steffinlongo, Enrico},
 title = {A Formal Specification for Casanova, a Language for Computer Games},
 booktitle = {Proceedings of the 4th ACM SIGCHI Symposium on Engineering Interactive Computing Systems},
 series = {EICS '12},
 year = {2012},
 isbn = {978-1-4503-1168-7},
 location = {Copenhagen, Denmark},
 pages = {287--292},
 numpages = {6},
 url = {http://doi.acm.org/10.1145/2305484.2305533},
 doi = {10.1145/2305484.2305533},
 acmid = {2305533},
 publisher = {ACM},
 address = {New York, NY, USA},
 keywords = {casanova, databases, f\#, functional programming, game development, languages},
} 

@article{DSL_SURVEY_PAPER,
 author = {van Deursen, Arie and Klint, Paul and Visser, Joost},
 title = {Domain-specific Languages: An Annotated Bibliography},
 journal = {SIGPLAN Not.},
 issue_date = {June 2000},
 volume = {35},
 number = {6},
 month = jun,
 year = {2000},
 issn = {0362-1340},
 pages = {26--36},
 numpages = {11},
 url = {http://doi.acm.org/10.1145/352029.352035},
 doi = {10.1145/352029.352035},
 acmid = {352035},
 publisher = {ACM},
 address = {New York, NY, USA},
} 

@incollection{CASANOVA2_PAPER,
year={2015},
isbn={978-3-319-19125-6},
booktitle={Serious Games},
volume={9090},
series={Lecture Notes in Computer Science},
editor={Göbel, Stefan and Ma, Minhua and Baalsrud Hauge, Jannicke and Oliveira, Manuel Fradinho and Wiemeyer, Josef and Wendel, Viktor},
doi={10.1007/978-3-319-19126-3_11},
title={Casanova: A Simple, High-Performance Language for Game Development},
url={http://dx.doi.org/10.1007/978-3-319-19126-3_11},
publisher={Springer International Publishing},
keywords={Game development; Casanova 2; Languages; Functional programming},
author={Abbadi, Mohamed and Di Giacomo, Francesco and Cortesi, Agostino and Spronck, Pieter and Costantini, Giulia and Maggiore, Giuseppe},
pages={123-134},
language={English}
}
@inproceedings{GAME_SCRIPTING,
  title={Offline Planning with Hierarchical Task Networks in Video Games.},
  author={Kelly, John Paul and Botea, Adi and Koenig, Sven},
  booktitle={AIIDE},
  year={2008}
}

@article{CWIC,
 author = {Book, Erwin and Shorre, Dewey Val and Sherman, Steven J.},
 title = {The CWIC/36O System, a Compiler for Writing and Implementing Compilers},
 journal = {SIGPLAN Not.},
 issue_date = {June 1970},
 volume = {5},
 number = {6},
 month = jun,
 year = {1970},
 issn = {0362-1340},
 pages = {11--29},
 numpages = {19},
 url = {http://doi.acm.org/10.1145/954344.954345},
 doi = {10.1145/954344.954345},
 acmid = {954345},
 publisher = {ACM},
 address = {New York, NY, USA},
} 

@INPROCEEDINGS{DSL_MONAD_PAPER,
    author = {Tim Sheard and Zine-el-abidine Benaissa and Emir Pasalic},
    title = {DSL Implementation Using Staging and Monads},
    booktitle = {In Second Conference on Domain-Specific Languages (DSL'99},
    year = {1999},
    pages = {81--94},
    publisher = {ACM}
}

@book{GENERATIVE_PROGRAMMING_CZARNECKI,
 author = {Czarnecki, Krzysztof and Eisenecker, Ulrich W.},
 title = {Generative Programming: Methods, Tools, and Applications},
 year = {2000},
 isbn = {0-201-30977-7},
 publisher = {ACM Press/Addison-Wesley Publishing Co.},
 address = {New York, NY, USA},
} 

@inproceedings{META2,
 author = {Schorre, D. V.},
 title = {META II a Syntax-oriented Compiler Writing Language},
 booktitle = {Proceedings of the 1964 19th ACM National Conference},
 series = {ACM '64},
 year = {1964},
 pages = {41.301--41.3011},
 numpages = {1.0001},
 url = {http://doi.acm.org/10.1145/800257.808896},
 doi = {10.1145/800257.808896},
 acmid = {808896},
 publisher = {ACM},
 address = {New York, NY, USA},
} 

@inproceedings{META3,
 author = {Schneider, Frederick W. and Johnson, Glen D.},
 title = {META-3 Syntax-directed Compiler Writing Compiler to Generate Efficient Code},
 booktitle = {Proceedings of the 1964 19th ACM National Conference},
 series = {ACM '64},
 year = {1964},
 pages = {41.501--41.508},
 numpages = {1.007},
 url = {http://doi.acm.org/10.1145/800257.808898},
 doi = {10.1145/800257.808898},
 acmid = {808898},
 publisher = {ACM},
 address = {New York, NY, USA},
} 

@inproceedings{MODELICA,
 author = {Broman, David and Fritzson, Peter and Hedin, Görel and Akesson, Johan},
 title = {A Comparison of Two Metacompilation Approaches to Implementing a Complex Domain-specific Language},
 booktitle = {Proceedings of the 27th Annual ACM Symposium on Applied Computing},
 series = {SAC '12},
 year = {2012},
 isbn = {978-1-4503-0857-1},
 location = {Trento, Italy},
 pages = {1919--1921},
 numpages = {3},
 url = {http://doi.acm.org/10.1145/2245276.2232092},
 doi = {10.1145/2245276.2232092},
 acmid = {2232092},
 publisher = {ACM},
 address = {New York, NY, USA},
 keywords = {attribute grammars, metacompilation, operational semantics},
} 

@inproceedings{RML1,
    author = {David Kågedal and Peter Fritzson},
    title = {Generating a modelica compiler from natural semantics specifications},
    booktitle = {In Proceedings of the Summer Computer Simulation Conference},
    year = {1998}
}

@inproceedings{RML2,
 author = {Pop, Adrian and Fritzson, Peter},
 title = {Debugging Natural Semantics Specifications},
 booktitle = {Proceedings of the Sixth International Symposium on Automated Analysis-driven Debugging},
 series = {AADEBUG'05},
 year = {2005},
 isbn = {1-59593-050-7},
 location = {Monterey, California, USA},
 pages = {77--82},
 numpages = {6},
 url = {http://doi.acm.org/10.1145/1085130.1085140},
 doi = {10.1145/1085130.1085140},
 acmid = {1085140},
 publisher = {ACM},
 address = {New York, NY, USA},
 keywords = {debugging, logical functional languages, proof-trees, rule-based},
} 

@book{COMPILER_ARCHITECTURE,
 author = {Aho, Alfred V. and Sethi, Ravi and Ullman, Jeffrey D.},
 title = {Compilers: Principles, Techniques, and Tools},
 year = {1986},
 isbn = {0-201-10088-6},
 publisher = {Addison-Wesley Longman Publishing Co., Inc.},
 address = {Boston, MA, USA},
} 

@inproceedings{GHC,
  title={The Glasgow Haskell compiler: a technical overview},
  author={Jones, SL Peyton and Hall, Cordy and Hammond, Kevin and Partain, Will and Wadler, Philip},
  booktitle={Proc. UK Joint Framework for Information Technology (JFIT) Technical Conference},
  volume={93},
  year={1993}
}

@inproceedings{HASKELL,
	author		= {Simon Marlow,  Simon Peyton-Jones},
	title		= {The Glasgow Haskell Compiler},
	booktitle	= { The architecture of open source applications },
	editor		= {Amy Brown \& Greg Wilson },
	volume		= {2},
	year		= {2011}
}