@book{designpatterns,
author = {Erich Gamma and Richard Helm and Ralph Johnson and John Vlissides},
title = {Design Patterns: Elements of Reusable Object-Oriented Software},
publisher = {Addison-Wesley},
year = {1995}
}

@misc {INDIEinnovation,
author = {Johan Kristiansson},
title = {Interview Starbreeze Studios Johan Kristiansson},
howpublished = {http://www.develop-online.net/features/478/Interview-Starbreeze-Studios-Johan-Kristiansson},
month = {5},
year = {2009}
}
@BOOK {INDIEcreativity,
   author = "David Michael",
   title= "Indie Game Development Survival Guide (Charles River Media Game Development)",
   publisher = "Charles River Media",
   year = 2003
   }
@inproceedings{INDIEexperimentation,
 author = {Andersen, Erik and Liu, Yun-En and Snider, Rich and Szeto, Roy and Popovi\'{c}, Zoran},
 title = {Placing a value on aesthetics in online casual games},
 booktitle = {Proceedings of the SIGCHI Conference on Human Factors in Computing Systems},
 series = {CHI '11},
 year = {2011},
 isbn = {978-1-4503-0228-9},
 location = {Vancouver, BC, Canada},
 pages = {1275--1278},
 numpages = {4},
 url = {http://doi.acm.org/10.1145/1978942.1979131},
 doi = {10.1145/1978942.1979131},
 acmid = {1979131},
 publisher = {ACM},
 address = {New York, NY, USA},
 keywords = {a/b testing, aesthetics, analytics, games}
}

@BOOK{SeriousRTS,
   author = {Clark Aldrich},
   title= {The Complete Guide to Simulations and Serious Games: How the Most Valuable Content Will Be Created in the Age Beyond Gutenberg to Google},
   publisher = {Pfeiffer \& Co },
   year = {2009}
   }
@inproceedings{ResearchRTS,
  title={Real-time strategy games: a new {AI} research challenge},
  author={Buro, Michael},
  booktitle={Proceedings of the 18th international joint conference on Artificial intelligence},
  pages={1534--1535},
  year={2003},
  organization={Morgan Kaufmann Publishers Inc.}
}


@inproceedings{CostsRTS,
  title={On the development of a free RTS game engine},
  author={Buro, Michael and Furtak, Timothy},
  booktitle={GameOn-NA 2005 Conference},
  pages={23--27},
  year={2005},
  organization={Montreal}
}

@article{SQLsemantic,
  title={Translating and optimizing SQL queries having aggregates},
  author={von B\"ultzingsloewen, G\"unter},
  journal={Proc. 13th Int. Con. VLDB},
  pages={235--243},
  year={1987},
  publisher={Citeseer}
}

@inproceedings{FSharpQuotations,
  title={Leveraging .NET meta-programming components from F\#: integrated queries and interoperable heterogeneous execution},
  author={Syme, Don},
  booktitle={Proceedings of the 2006 workshop on ML},
  pages={43--54},
  year={2006},
  organization={ACM}
}

@misc {ESAreport,
title = {{Essential Facts About the Computer and Video Game Industry 2011}},
year = {2011}
}

@misc {IndiGame,
author = {Juan Gril},
title = {The State of Indie Gaming},
month = {4},
year = {2008}
}

@inproceedings{Casanova,
 author = {Maggiore, Giuseppe and Span\`{o}, Alvise and Orsini, Renzo and Bugliesi, Michele and Abbadi, Mohamed and Steffinlongo, Enrico},
 title = {A formal specification for casanova, a language for computer games},
 booktitle = {Proceedings of the 4th ACM SIGCHI symposium on Engineering interactive computing systems},
 series = {EICS '12},
 year = {2012},
 isbn = {978-1-4503-1168-7},
 location = {Copenhagen, Denmark},
 pages = {287--292},
 numpages = {6},
 url = {http://doi.acm.org/10.1145/2305484.2305533},
 doi = {10.1145/2305484.2305533},
 acmid = {2305533},
 publisher = {ACM},
 address = {New York, NY, USA},
 keywords = {casanova, databases, f\#, functional programming, game development, languages}
} 