@misc{GAME_SALES,
	title = {Gartner Says Worldwide Video Game Market to Total \$93 Billion in 2013},
	author = {{Rob van der Meulen, Janessa Rivera}},
	howpublished = {\url{http://www.gartner.com/newsroom/id/2614915}}
}

@article{FPS_RATE1,
author = {Claypool, Mark and Claypool, Kajal and Damaa, Feissal},
title = {The effects of frame rate and resolution on users playing first person shooter games},
journal = {Proc. SPIE},
volume = {6071},
number = {},
pages = {607101-607101-11},
year = {2006},
doi = {10.1117/12.648609},
URL = { http://dx.doi.org/10.1117/12.648609}
}

@article{FPS_RATE2,
  added-at = {2007-09-20T00:00:00.000+0200},
  author = {Claypool, Kajal T. and Claypool, Mark},
  biburl = {http://www.bibsonomy.org/bibtex/218898fd83f10ba5021824c75befb806a/dblp},
  date = {2007-09-20},
  description = {dblp},
  ee = {http://dx.doi.org/10.1007/s00530-007-0081-1},
  interhash = {44f210803e3dcce5fdc47a1a0a9f9fc4},
  intrahash = {18898fd83f10ba5021824c75befb806a},
  journal = {Multimedia Syst.},
  keywords = {dblp},
  number = 1,
  pages = {3-17},
  timestamp = {2007-09-20T00:00:00.000+0200},
  title = {On frame rate and player performance in first person shooter games.},
  url = {http://dblp.uni-trier.de/db/journals/mms/mms13.html#ClaypoolC07},
  volume = 13,
  year = 2007
}

@article{READABILITY,
  added-at = {2010-09-01T12:15:09.000+0200},
  author = {Buse, R.P.L. and Weimer, W.R.},
  biburl = {http://www.bibsonomy.org/bibtex/210c0769e680d850badf69ba3182284d7/sjbutler},
  doi = {10.1109/TSE.2009.70},
  interhash = {aa76eff1f71572afb66850a2c0e094a7},
  intrahash = {10c0769e680d850badf69ba3182284d7},
  journal = {IEEE Transactions on Software Engineering},
  keywords = {source_code readability identifiers},
  month = {jul.},
  number = 4,
  pages = {546--558},
  timestamp = {2010-09-01T12:15:09.000+0200},
  title = {Learning a Metric for Code Readability},
  volume = 36,
  year = 2010
}

@article{REFERENTIAL_TRANSPARENCY,
 author = {Strachey, Christopher},
 title = {Fundamental Concepts in Programming Languages},
 journal = {Higher Order Symbol. Comput.},
 issue_date = {April 2000},
 volume = {13},
 number = {1-2},
 month = apr,
 year = {2000},
 issn = {1388-3690},
 pages = {11--49},
 numpages = {39},
 url = {http://dx.doi.org/10.1023/A:1010000313106},
 doi = {10.1023/A:1010000313106},
 acmid = {609208},
 publisher = {Kluwer Academic Publishers},
 address = {Hingham, MA, USA},
 keywords = {CPL, L-values, R-values, ad hoc polymorphism, binding mechanisms, foundations of computing, functions as data, parameter passing, parametric polymorphism, programming languages, semantics, type completeness, variable binding},
} 



