@inproceedings{fincher99,
	author={S. Fincher},
	booktitle={Frontiers in Education Conference, 1999. FIE '99. 29th Annual},
	title={What are we doing when we teach programming?},
	year={1999},
	volume={1},
	pages={12A4/1-12A4/5 vol.1},
	keywords={computer science education;programming;teaching;computation-as-interaction approach;computer science;literacy approach;preliminary taxonomic framework;problem-solving approach;programming teaching;syntax-free approach;Computer science;Education;Laboratories;Vehicles},
	doi={10.1109/FIE.1999.839268},
	ISSN={0190-5848},
	month={Nov},}

@inproceedings{matthiasdottir2006teach,
	title={How to teach programming languages to novice students? Lecturing or not},
	author={Matth{\'\i}asd{\'o}ttir, {\'A}sr{\'u}n},
	booktitle={International Conference on Computer Systems and Technologies-CompSysTech},
	volume={6},
	pages={15--16},
	year={2006}
}

@inproceedings{jenkins2002difficulty,
	title={On the difficulty of learning to program},
	author={Jenkins, Tony},
	booktitle={Proceedings of the 3rd Annual Conference of the LTSN Centre for Information and Computer Sciences},
	volume={4},
	number={2002},
	pages={53--58},
	year={2002},
	organization={Citeseer}
}

@article{mulholland1998using,
	title={Using software to teach computer programming: Past, present and future},
	author={Mulholland, Paul and Eisenstadt, Marc},
	journal={Software Visualization: Programming as a Multimedia Experience},
	pages={399--408},
	year={1998},
	publisher={Citeseer}
}

@article{fenichel1970program,
	title={A program to teach programming},
	author={Fenichel, Robert R and Weizenbaum, Joseph and Yochelson, Jerome C},
	journal={Communications of the ACM},
	volume={13},
	number={3},
	pages={141--146},
	year={1970},
	publisher={ACM}
}

@article{govender2006learning,
	title={Learning to program and learning to teach programming: A closer look},
	author={Govender, Irene and Grayson, Diane},
	journal={Media 2006 Proceedings},
	pages={1687--1693},
	year={2006}
}

@inproceedings{bergin2005influence,
	title={The influence of motivation and comfort-level on learning to program},
	author={Bergin, Susan and Reilly, Ronan},
	booktitle={Proceedings of the PPIG},
	volume={17},
	pages={293--304},
	year={2005},
	organization={Citeseer}
}

@misc{pattern_insight,
	title = {{Why is up to 45\% of software shipped with previously fixed defects?}},
	author = {Pattern Insight},
	howpublished = {\url{http://patterninsight.com/why-pattern-insight/}},
	year = {2017}
	}
	
@misc{guardian2006,
	title = {{Why is up to 45\% of software shipped with previously fixed defects?}},
	author = {Pattern Insight},
	howpublished = {\url{https://www.theguardian.com/technology/2006/may/25/insideit.guardianweeklytechnologysection}},
	year = {2006}
}
@inproceedings{tan2009learning,
	title={Learning difficulties in programming courses: Undergraduates' perspective and perception},
	author={Tan, Phit-Huan and Ting, Choo-Yee and Ling, Siew-Woei},
	booktitle={Computer Technology and Development, 2009. ICCTD'09. International Conference on},
	volume={1},
	pages={42--46},
	year={2009},
	organization={IEEE}
}

@misc{react,
	title = {{React Javascript library}},
	author = {Facebook},
	howpublished = {\url{https://code.facebook.com/projects/176988925806765/react/}},
	year = {2011}
}

@inbook{Hudak1999,
	author={Hudak, Paul},
	editor={Swierstra, S. Doaitse},
	title={Functional Reactive Programming},
	bookTitle={Programming Languages and Systems: 8th European Symposium on Programming, ESOP'99 Held as Part of the Joint European Conferences on Theory and Practice of Software, ETAPS'99 Amsterdam, The Netherlands, March 22--28, 1999 Proceedings},
	year={1999},
	publisher={Springer Berlin Heidelberg},
	address={Berlin, Heidelberg},
	isbn={978-3-540-49099-9}
}

@article{plotkin1981structural,
	title = {A structural approach to operational semantics},
	author = {Plotkin, Gordon D},
	year = {2004},
	journal = {The Journal of Logic and Algebraic Programming},
	pages = {17 -- 139},
	volume={60}
}

@misc{graduates,
	title = {Experts call for employers and universities to do more to address STEM skills shortages},
	author = {{Department for Business, Innovation \& Skills}},
	howpublished = {https://www.gov.uk/government/news/ experts-call-for-employers-and-universities-to-do-more-to-address-stem-skills-shortages},
	year = {2016} }

@misc{grande_omega,
	title = {{GrandeOmega}},
	author = {Giuseppe Maggiore, Mohamed Abbadi},
	howpublished = {\url{http://grandeomega.com/}},
	year = {2017}
}
	
	