@article{van2000domain,
  title={Domain-specific languages: An annotated bibliography.},
  author={Van Deursen, Arie and Klint, Paul and Visser, Joost and others},
  journal={Sigplan Notices},
  volume={35},
  number={6},
  pages={26--36},
  year={2000}
}

@book{voelter2013dsl,
	title={DSL engineering: Designing, implementing and using domain-specific languages},
	author={Voelter, Markus and Benz, Sebastian and Dietrich, Christian and Engelmann, Birgit and Helander, Mats and Kats, Lennart CL and Visser, Eelco and Wachsmuth, Guido},
	year={2013},
	publisher={dslbook. org}
}

@article{mernik2005and,
	title={When and how to develop domain-specific languages},
	author={Mernik, Marjan and Heering, Jan and Sloane, Anthony M},
	journal={ACM computing surveys (CSUR)},
	volume={37},
	number={4},
	pages={316--344},
	year={2005},
	publisher={ACM}
}

@article{kamin1998research,
	title={Research on domain-specific embedded languages and program generators},
	author={Kamin, Samuel N},
	journal={Electronic Notes in Theoretical Computer Science},
	volume={14},
	pages={149--168},
	year={1998},
	publisher={Elsevier}
}

@inproceedings{sloane2002post,
	title={Post-design domain-specific language embedding: A case study in the software engineering domain},
	author={Sloane, Anthony M},
	booktitle={System Sciences, 2002. HICSS. Proceedings of the 35th Annual Hawaii International Conference on},
	pages={3647--3655},
	year={2002},
	organization={IEEE}
}

@book{aho1986compilers,
	title={Compilers, Principles, Techniques},
	author={Aho, Alfred V and Sethi, Ravi and Ullman, Jeffrey D},
	year={1986},
	publisher={Addison wesley Boston}
}

@article{book1970cwic,
	title={The cwic/36o system, a compiler for writing and implementing compilers},
	author={Book, Erwin and Shorre, Dewey Val and Sherman, Steven J},
	journal={ACM SIGPLAN Notices},
	volume={5},
	number={6},
	pages={11--29},
	year={1970},
	publisher={ACM}
}

@article{czarnecki2000generative,
	title={Generative programming},
	author={Czarnecki, Krzysztof and Eisenecker, Ulrich W and Goos, G and Hartmanis, J and van Leeuwen, J},
	journal={Edited by G. Goos, J. Hartmanis, and J. van Leeuwen},
	volume={15},
	year={2000},
	publisher={Springer}
}

@techreport{plotkin1981,
	author = {Plotkin G.D.},
	title = {A structural approach 	to operational semantics},
	year = {1981},
	institution = {Computer science department, Aarhus University}
}

@article{kahn1987natural,
	title={Natural semantics},
	author={Kahn, Gilles},
	journal={STACS 87},
	pages={22--39},
	year={1987},
	publisher={Springer}
}

@inproceedings{abbadi2015casanova,
	title={Casanova: a simple, high-performance language for game development},
	author={Abbadi, Mohamed and Di Giacomo, Francesco and Cortesi, Agostino and Spronck, Pieter and Costantini, Giulia and Maggiore, Giuseppe},
	booktitle={Joint International Conference on Serious Games},
	pages={123--134},
	year={2015},
	organization={Springer}
}

@article{cardelli1996type,
	title={Type systems},
	author={Cardelli, Luca},
	journal={ACM Computing Surveys},
	volume={28},
	number={1},
	pages={263--264},
	year={1996}
}

@article{klop1992term,
	title={Term rewriting systems},
	author={Klop, Jan Willem and others},
	journal={Handbook of logic in computer science},
	volume={2},
	pages={1--116},
	year={1992}
}

@Inbook{DiGiacomo2017,
	author="Di Giacomo, Francesco
	and Abbadi, Mohamed
	and Cortesi, Agostino
	and Spronck, Pieter
	and Maggiore, Giuseppe",
	editor="Poppe, Ronald
	and Meyer, John-Jules
	and Veltkamp, Remco
	and Dastani, Mehdi",
	title="Building Game Scripting DSL's with the Metacasanova Metacompiler",
	bookTitle="Intelligent Technologies for Interactive Entertainment: 8th International Conference, INTETAIN 2016, Utrecht, The Netherlands, June 28--30, 2016, Revised Selected Papers",
	year="2017",
	publisher="Springer International Publishing"
}

@phdthesis{abbadithesis2017,
	author = {Mohamed Abbadi},
	title = {Casanova 2, A domain specific language for general game development},
	school = {Universit\`{a} Ca' Foscari, Tilburg University},
	year = {2017}
}