@inproceedings{ducheneaut2006alone,
  title={Alone together?: exploring the social dynamics of massively multiplayer online games},
  author={Ducheneaut, Nicolas and Yee, Nicholas and Nickell, Eric and Moore, Robert J},
  booktitle={Proceedings of the SIGCHI conference on Human Factors in computing systems},
  pages={407--416},
  year={2006},
  organization={ACM}
}

@inproceedings{pantel2002impact,
	title={On the impact of delay on real-time multiplayer games},
	author={Pantel, Lothar and Wolf, Lars C},
	booktitle={Proceedings of the 12th international workshop on Network and operating systems support for digital audio and video},
	pages={23--29},
	year={2002},
	organization={ACM}
}

@book{iso24765,
	author = {ISO/IEC/IEEE},
	title = {Systems and software engineering -- Vocabulary},
	publisher = {ISO/IEC},
	year = {2010}
}

@misc{starcraft,
	author = {Patrick Wyatt},
	title = {The StarCraft path-finding hack},
	year = {2013},
	howpublished = {\url{http://www.codeofhonor.com/blog/the-starcraft-path-finding-hack}}
}

@inproceedings{bernier2001latency,
	title={Latency compensating methods in client/server in-game protocol design and optimization},
	author={Bernier, Yahn W},
	booktitle={Game Developers Conference},
	volume={98033},
	number={425},
	year={2001}
}

@article{games2006unreal,
	title={Unreal engine 3},
	author={Games, Epic},
	journal={URL: http://www. unrealtechnology. com/html/technology/ue30. shtml},
	year={2006}
}

@article{engine9unity,
	title={Unity Game Engine-Official Site},
	author={Engine, Unity Game},
	journal={Online][Cited: October 9, 2008.] http://unity3d. com}
}

@inproceedings{russell2008tackling,
	title={Tackling online game development problems with a novel network scripting language},
	author={Russell, George and Donaldson, Alastair F and Sheppard, Paul},
	booktitle={Proceedings of the 7th ACM SIGCOMM Workshop on Network and System Support for Games},
	pages={85--90},
	year={2008},
	organization={ACM}
}