@article{1,
 author = {Wadler, Philip},
 title = {How to declare an imperative},
 journal = {ACM Comput. Surv.},
 volume = {29},
 number = {3},
 year = {1997},
 issn = {0360-0300 begin_of_the_skype_highlighting              0360-0300      end_of_the_skype_highlighting},
 pages = {240--263},
 doi = {http://doi.acm.org/10.1145/262009.262011},
 publisher = {ACM},
 address = {New York, NY, USA},
 }

@inproceedings{2,
 author = {Diatchki, Iavor S. and Jones, Mark P.},
 title = {Strongly typed memory areas programming systems-level data structures in a functional language},
 booktitle = {Haskell '06: Proceedings of the 2006 ACM SIGPLAN workshop on Haskell},
 year = {2006},
 isbn = {1-59593-489-8},
 pages = {72--83},
 location = {Portland, Oregon, USA},
 doi = {http://doi.acm.org/10.1145/1159842.1159851},
 publisher = {ACM},
 address = {New York, NY, USA},
 }

@inproceedings{3,
 author = {Kiselyov, Oleg and Shan, Chung-chieh},
 title = {Lightweight monadic regions},
 booktitle = {Haskell '08: Proceedings of the first ACM SIGPLAN symposium on Haskell},
 year = {2008},
 isbn = {978-1-60558-064-7},
 pages = {1--12},
 location = {Victoria, BC, Canada},
 doi = {http://doi.acm.org/10.1145/1411286.1411288},
 publisher = {ACM},
 address = {New York, NY, USA},
 }


@inproceedings{4,
    author = {Oleg Kiselyov and Chung-chieh Shan},
    title = {Position: Lightweight Static Resources: Sexy types for embedded and systems programming},
    booktitle = {In TFP â€™07, the 8 th Symposium on Trends in Functional Programming},
    year = {2007}
}


@article{5,
 author = {Fluet, Matthew and Morrisett, Greg},
 title = {Monadic regions},
 journal = {SIGPLAN Not.},
 volume = {39},
 number = {9},
 year = {2004},
 issn = {0362-1340},
 pages = {103--114},
 doi = {http://doi.acm.org/10.1145/1016848.1016867},
 publisher = {ACM},
 address = {New York, NY, USA},
 }


@inproceedings{6,
 author = {Sheard, Tim and Jones, Simon Peyton},
 title = {Template meta-programming for Haskell},
 booktitle = {Haskell '02: Proceedings of the 2002 ACM SIGPLAN workshop on Haskell},
 year = {2002},
 isbn = {1-58113-605-6},
 pages = {1--16},
 location = {Pittsburgh, Pennsylvania},
 doi = {http://doi.acm.org/10.1145/581690.581691},
 publisher = {ACM},
 address = {New York, NY, USA},
 }


@article{7,
 author = {Kiselyov, Oleg and Shan, Chung-chieh},
 title = {Lightweight Static Capabilities},
 journal = {Electron. Notes Theor. Comput. Sci.},
 volume = {174},
 number = {7},
 year = {2007},
 issn = {1571-0661},
 pages = {79--104},
 doi = {http://dx.doi.org/10.1016/j.entcs.2006.10.039},
 publisher = {Elsevier Science Publishers B. V.},
 address = {Amsterdam, The Netherlands, The Netherlands},
 }

@article{8,
 author = {Kiselyov, Oleg and Peyton Jones, Simon and Shan, Chung-chieh},
 title = {Fun with Type Functions},
 journal = {Reflections on the Work of C. A. R. Hoare},
 volume = {},
 number = {},
 year = {},
 issn = {},
 pages = {303--333},
 doi = {},
 publisher = {Springer},
 address = {New York, NY, USA},
 }

@article{9,
 author = {Meijer, Erik and Drayton, Peter},
 title = {Static Typing Where Possible, Dynamic Typing When Needed: The End of the Cold War Between Programming Languages},
 journal = {},
 volume = {},
 number = {},
 year = {},
 issn = {},
 pages = {},
 doi = {},
 publisher = {},
 address = {},
 }


@article{10,
 author = {de Moor, O. and Gibbons, J. and Jones, G.},
 title = {The Fun of Programming},
 journal = {},
 volume = {},
 number = {},
 year = {},
 issn = {},
 pages = {},
 doi = {},
 publisher = {},
 address = {},
 }


@article{11,
 author = {Hinze, Ralph and Cheney, J.},
 title = {Phantom Types},
 journal = {},
 volume = {},
 number = {},
 year = {},
 issn = {},
 pages = {},
 doi = {},
 publisher = {},
 address = {},
 }


@article{12,
 author = {Fluet, Matthew and Pucella, Riccardo},
 title = {Practical Datatype Specializations with Phantom Types and Recursion Schemes},
 journal = {},
 volume = {},
 number = {},
 year = {},
 issn = {},
 pages = {},
 doi = {},
 publisher = {},
 address = {},
 }

@article{13,
 author = {Fluet, Matthew and Pucella, Riccardo},
 title = {Phantom Types and Subtyping},
 journal = {},
 volume = {},
 number = {},
 year = {},
 issn = {},
 pages = {},
 doi = {},
 publisher = {},
 address = {},
 }
