@article{BETTER_SCRIPTS_GAMES,
 author = {White, Walker and Koch, Christoph and Gehrke, Johannes and Demers, Alan},
 title = {Better Scripts, Better Games},
 journal = {Queue},
 issue_date = {November/December 2008},
 volume = {6},
 issue = {7},
 month = {November},
 year = {2008},
 issn = {1542-7730},
 pages = {18--25},
 numpages = {8},
 url = {http://doi.acm.org/10.1145/1483101.1483106},
 doi = {http://doi.acm.org/10.1145/1483101.1483106},
 acmid = {1483106},
 publisher = {ACM},
 address = {New York, NY, USA},
} 

@INPROCEEDINGS{MODULAR_DSL,
    author = {Paul Hudak},
    title = {Modular Domain Specific Languages and Tools},
    booktitle = {in Proceedings of Fifth International Conference on Software Reuse},
    year = {1998},
    pages = {134--142},
    publisher = {IEEE Computer Society Press}
}

@INPROCEEDINGS{MONADIC_DSL,
    author = {Keith Wansbrough and Keith Wansbrough and John Hamer and John Hamer},
    title = {A modular monadic action semantics},
    booktitle = {In Conference on Domain-Specific Languages},
    year = {1997},
    pages = {157--170}
}

@ARTICLE{DSL_BIB,
    author = {Arie Van Deursen and Paul Klint and Joost Visser},
    title = {Domain-Specific Languages: An Annotated Bibliography},
    journal = {ACM SIGPLAN NOTICES},
    year = {2000},
    volume = {35},
    pages = {26--36}
}


@misc{XNA_LOOP,
  author = {},
  title = {XNA main loop},
  howpublished = {http://msdn.microsoft.com/en-us/library/bb203873.aspx}
}

@misc{XNA,
  author = {},
  title = {XNA on MSDN},
  howpublished = {http://msdn.microsoft.com/en-us/library/bb200104.aspx}
}

@misc{XNA_XBOX,
  author = {},
  title = {XNA on the Xbox},
  howpublished = {http://msdn.microsoft.com/en-us/library/bb975643.aspx}
}

@misc{XNA_WP7,
  author = {},
  title = {XNA on Windows Phone 7},
  howpublished = {http://msdn.microsoft.com/en-us/library/ff472340(v=vs.92).aspx}
}


@article{DECL_IMP,
 author = {Wadler, Philip},
 title = {How to declare an imperative},
 journal = {ACM Comput. Surv.},
 volume = {29},
 number = {3},
 year = {1997},
 issn = {0360-0300},
 pages = {240--263},
 doi = {http://doi.acm.org/10.1145/262009.262011},
 publisher = {ACM},
 address = {New York, NY, USA},
 }

@INPROCEEDINGS{COMPR_MON,
    author = {Philip Wadler},
    title = {Comprehending Monads},
    booktitle = {Mathematical Structures in Computer Science},
    year = {1992},
    pages = {61--78}
}

@ARTICLE{MOGGI_MON,
    author = {Eugenio Moggi},
    title = {Notions of Computation and Monads},
    journal = {Information and Computation},
    year = {1989},
    volume = {93},
    pages = {55--92}
}

@inproceedings{LINQ_MON,
 author = {Meijer, Erik},
 title = {There is no impedance mismatch: (language integrated query in visual basic 9)},
 booktitle = {Companion to the 21st ACM SIGPLAN symposium on Object-oriented programming systems, languages, and applications},
 series = {OOPSLA '06},
 year = {2006},
 isbn = {1-59593-491-X},
 location = {Portland, Oregon, USA},
 pages = {710--711},
 numpages = {2},
 url = {http://doi.acm.org/10.1145/1176617.1176686},
 doi = {http://doi.acm.org/10.1145/1176617.1176686},
 acmid = {1176686},
 publisher = {ACM},
 address = {New York, NY, USA},
} 

@MISC{EFF_MON,
    author = {Philip Wadler and Peter Thiemann},
    title = {The Marriage of Effects and Monads},
    year = {1998}
}

@inproceedings{EXTENSIONS_X3D,
 author = {Figueroa, Pablo and Medina, Omer and Jim\'{e}nez, Roger and Mart\'{\i}nez, Jos\'{e} and Albarrac\'{\i}n, Camilo},
 title = {Extensions for interactivity and retargeting in X3D},
 booktitle = {Proceedings of the tenth international conference on 3D Web technology},
 series = {Web3D '05},
 year = {2005},
 isbn = {1-59593-012-4},
 location = {Bangor, United Kingdom},
 pages = {103--110},
 numpages = {8},
 url = {http://doi.acm.org/10.1145/1050491.1050506},
 doi = {http://doi.acm.org/10.1145/1050491.1050506},
 acmid = {1050506},
 publisher = {ACM},
 address = {New York, NY, USA},
 keywords = {InTml, interaction methods, methods for representing Web3D applications, object behaviors, specification language for interactions},
} 

@article{virtual_humans,
	location = {http://www.scientificcommons.org/53104194},
	title = {Simplifying the Integration of Virtual Humans into Dialog-like VR Systems},
	author = {Jung, Y. and Behr, J.},
	year = {2009},
	keywords = {multimedia information systems, Augmented reality (AR), Virtual reality (VR), 3D Graphics, realism, 3D animation},
}

@inproceedings{JINX,
 author = {Soares, Luciano P. and Zuffo, Marcelo K.},
 title = {JINX: an X3D browser for VR immersive simulation based on clusters of commodity computers},
 booktitle = {Proceedings of the ninth international conference on 3D Web technology},
 series = {Web3D '04},
 year = {2004},
 isbn = {1-58113-845-8},
 location = {Monterey, California},
 pages = {79--86},
 numpages = {8},
 url = {http://doi.acm.org/10.1145/985040.985052},
 doi = {http://doi.acm.org/10.1145/985040.985052},
 acmid = {985052},
 publisher = {ACM},
 address = {New York, NY, USA},
 keywords = {X3D, cluster computing, parallel rendering},
} 

@inproceedings{BEHAVIOR_3D,
 author = {Dachselt, Raimund and Rukzio, Enrico},
 title = {Behavior3D: an XML-based framework for 3D graphics behavior},
 booktitle = {Proceedings of the eighth international conference on 3D Web technology},
 series = {Web3D '03},
 year = {2003},
 isbn = {1-58113-644-7},
 location = {Saint Malo, France},
 pages = {101--ff},
 url = {http://doi.acm.org/10.1145/636593.636609},
 doi = {http://doi.acm.org/10.1145/636593.636609},
 acmid = {636609},
 publisher = {ACM},
 address = {New York, NY, USA},
 keywords = {Contigra, Extensible 3D (X3D), SMIL, XML-Schema, animation, behavior language, dynamic grammar, object behaviors},
} 

@inproceedings{SCRIPTING_FOR_VRML_X3D,
 author = {Huang, Zhisheng and Eli\"{e}ns, Anton and Visser, Cees},
 title = {Implementation of a scripting language for VRML/X3D-based embodied agents},
 booktitle = {Proceedings of the eighth international conference on 3D Web technology},
 series = {Web3D '03},
 year = {2003},
 isbn = {1-58113-644-7},
 location = {Saint Malo, France},
 pages = {91--100},
 numpages = {10},
 url = {http://doi.acm.org/10.1145/636593.636608},
 doi = {http://doi.acm.org/10.1145/636593.636608},
 acmid = {636608},
 publisher = {ACM},
 address = {New York, NY, USA},
 keywords = {STEP, VRML/X3D, XSTEP, agents, distributed logic Programming, h-anim},
} 

@inproceedings{X3D_OGL_ES,
 author = {Nadalutti, Daniele and Chittaro, Luca and Buttussi, Fabio},
 title = {Rendering of X3D content on mobile devices with OpenGL ES},
 booktitle = {Proceedings of the eleventh international conference on 3D web technology},
 series = {Web3D '06},
 year = {2006},
 isbn = {1-59593-336-0},
 location = {Columbia, Maryland},
 pages = {19--26},
 numpages = {8},
 url = {http://doi.acm.org/10.1145/1122591.1122594},
 doi = {http://doi.acm.org/10.1145/1122591.1122594},
 acmid = {1122594},
 publisher = {ACM},
 address = {New York, NY, USA},
 keywords = {3D rendering, OpenGL ES, X3D, mobile devices, sign language},
} 

@inproceedings{X3D_SHADERS,
 author = {de Carvalho, Gon\c{c}alo Nuno Moutinho and Gill, Tony and Parisi, Tony},
 title = {X3D programmable shaders},
 booktitle = {Proceedings of the ninth international conference on 3D Web technology},
 series = {Web3D '04},
 year = {2004},
 isbn = {1-58113-845-8},
 location = {Monterey, California},
 pages = {99--108},
 numpages = {10},
 url = {http://doi.acm.org/10.1145/985040.985055},
 doi = {http://doi.acm.org/10.1145/985040.985055},
 acmid = {985055},
 publisher = {ACM},
 address = {New York, NY, USA},
 keywords = {GPU, VRML, X3D, programmable shading, real-time shading, stream processors},
} 

@inproceedings{X3D,
 author = {Daly, Leonard and Brutzman, Don},
 title = {X3D: extensible 3D graphics standard},
 booktitle = {ACM SIGGRAPH ASIA 2008 courses},
 series = {SIGGRAPH Asia '08},
 year = {2008},
 location = {Singapore},
 pages = {22:1--22:6},
 articleno = {22},
 numpages = {6},
 url = {http://doi.acm.org/10.1145/1508044.1508066},
 doi = {http://doi.acm.org/10.1145/1508044.1508066},
 acmid = {1508066},
 publisher = {ACM},
 address = {New York, NY, USA},
} 

@inproceedings{FUNCTION_BASED_X3D,
 author = {Liu, Qi and Sourin, Alexei},
 title = {Function-based shape modeling and visualization in X3D},
 booktitle = {Proceedings of the eleventh international conference on 3D web technology},
 series = {Web3D '06},
 year = {2006},
 isbn = {1-59593-336-0},
 location = {Columbia, Maryland},
 pages = {131--141},
 numpages = {11},
 url = {http://doi.acm.org/10.1145/1122591.1122609},
 doi = {http://doi.acm.org/10.1145/1122591.1122609},
 acmid = {1122609},
 publisher = {ACM},
 address = {New York, NY, USA},
 keywords = {3D web visualization, X3D, computer animation, function-based shape modeling, metamorphose},
} 

@inproceedings{FUNCTION_BASED_HAPTIC_X3D,
 author = {Wei, Lei and Sourin, Alexei and Stocker, Herbert},
 title = {Function-based haptic collaboration in X3D},
 booktitle = {Proceedings of the 14th International Conference on 3D Web Technology},
 series = {Web3D '09},
 year = {2009},
 isbn = {978-1-60558-432-4},
 location = {Darmstadt, Germany},
 pages = {15--23},
 numpages = {9},
 url = {http://doi.acm.org/10.1145/1559764.1559767},
 doi = {http://doi.acm.org/10.1145/1559764.1559767},
 acmid = {1559767},
 publisher = {ACM},
 address = {New York, NY, USA},
 keywords = {3D web visualization, X3D, collaborative platform, function-based shape modeling, haptic interaction, implicit functions, parametric functions, physical properties},
} 

@misc{UNFOLD_MONAD,
  author = {Maggiore, Giuseppe and Orsini, Renzo and Bugliesi, Michele},
  title = {Monadic Scripting for Computer Games},
  howpublished = {http://www.dsi.unive.it/\~{}maggiore}
}

