@INPROCEEDINGS{MILLIONS_USERS,
    author = {Greg Wadley and Martin Gibbs and Kevin Hew and Connor Graham},
    title = {Computer Supported Cooperative Play, “Third Places” and Online Videogames},
    booktitle = {Interaction. University of Queensland: Brisbane},
    year = {2003},
    pages = {238--241}
}

@article{FUN_IO,
 author = {Felleisen, Matthias and Findler, Robert Bruce and Flatt, Matthew and Krishnamurthi, Shriram},
 title = {A functional I/O system or, fun for freshman kids},
 journal = {SIGPLAN Not.},
 volume = {44},
 issue = {9},
 month = {August},
 year = {2009},
 issn = {0362-1340},
 pages = {47--58},
 numpages = {12},
 url = {http://doi.acm.org/10.1145/1631687.1596561},
 doi = {http://doi.acm.org/10.1145/1631687.1596561},
 acmid = {1596561},
 publisher = {ACM},
 address = {New York, NY, USA},
 keywords = {introductory programming},
}


@inproceedings{GAMES_FIRST_APPROACH,
 author = {Leutenegger, Scott and Edgington, Jeffrey},
 title = {A games first approach to teaching introductory programming},
 booktitle = {Proceedings of the 38th SIGCSE technical symposium on Computer science education},
 series = {SIGCSE '07},
 year = {2007},
 isbn = {1-59593-361-1},
 location = {Covington, Kentucky, USA},
 pages = {115--118},
 numpages = {4},
 url = {http://doi.acm.org/10.1145/1227310.1227352},
 doi = {http://doi.acm.org/10.1145/1227310.1227352},
 acmid = {1227352},
 publisher = {ACM},
 address = {New York, NY, USA},
 keywords = {CS1, computer science education, game development, game programming, introductory programming},
} 


@incollection{KINECT,
    address = {Berlin, Heidelberg},
    author = {Garrido, Yolanda and Marco, \'{A}lvaro and Segura, Joaqu\'{\i}n and Blanco, Teresa and Casas, Roberto},
    booktitle = {Intelligent Technologies for Interactive Entertainment},
    chapter = {7},
    citeulike-article-id = {9312879},
    citeulike-linkout-0 = {http://dx.doi.org/10.1007/978-3-642-02315-6\_7},
    citeulike-linkout-1 = {http://www.springerlink.com/content/v6j5812243307942},
    doi = {10.1007/978-3-642-02315-6\_7},
    isbn = {978-3-642-02314-9},
    pages = {68--77},
    posted-at = {2011-05-19 09:08:37},
    priority = {1},
    publisher = {Springer Berlin Heidelberg},
    series = {Lecture Notes of the Institute for Computer Sciences, Social Informatics and Telecommunications Engineering},
    title = {{Accessible Gaming through Mainstreaming Kinetic Controller}},
    url = {http://dx.doi.org/10.1007/978-3-642-02315-6\_7},
    volume = {9},
    year = {2009}
}


@INPROCEEDINGS{SGL1,
    author = {Walker White and Benjamin Sowell and Johannes Gehrke and Alan Demers},
    title = {Declarative processing for computer games},
    booktitle = {In Proc. SIGGRAPH Sandbox Symposium},
    year = {2008}
}


@inproceedings{SGL2,
 author = {Albright, Robert and Demers, Alan and Gehrke, Johannes and Gupta, Nitin and Lee, Hooyeon and Keilty, Rick and Sadowski, Gregory and Sowell, Ben and White, Walker},
 title = {SGL: a scalable language for data-driven games},
 booktitle = {Proceedings of the 2008 ACM SIGMOD international conference on Management of data},
 series = {SIGMOD '08},
 year = {2008},
 isbn = {978-1-60558-102-6},
 location = {Vancouver, Canada},
 pages = {1217--1222},
 numpages = {6},
 url = {http://doi.acm.org/10.1145/1376616.1376739},
 doi = {http://doi.acm.org/10.1145/1376616.1376739},
 acmid = {1376739},
 publisher = {ACM},
 address = {New York, NY, USA},
 keywords = {aggregates, games, indexing, scripting},
} 


@article{SGL3,
 author = {White, Walker and Koch, Christoph and Gupta, Nitin and Gehrke, Johannes and Demers, Alan},
 title = {Database research opportunities in computer games},
 journal = {SIGMOD Rec.},
 volume = {36},
 issue = {3},
 month = {September},
 year = {2007},
 issn = {0163-5808},
 pages = {7--13},
 numpages = {7},
 url = {http://doi.acm.org/10.1145/1324185.1324186},
 doi = {http://doi.acm.org/10.1145/1324185.1324186},
 acmid = {1324186},
 publisher = {ACM},
 address = {New York, NY, USA},
} 


@inproceedings{SGL4,
 author = {White, Walker and Demers, Alan and Koch, Christoph and Gehrke, Johannes and Rajagopalan, Rajmohan},
 title = {Scaling games to epic proportions},
 booktitle = {Proceedings of the 2007 ACM SIGMOD international conference on Management of data},
 series = {SIGMOD '07},
 year = {2007},
 isbn = {978-1-59593-686-8},
 location = {Beijing, China},
 pages = {31--42},
 numpages = {12},
 url = {http://doi.acm.org/10.1145/1247480.1247486},
 doi = {http://doi.acm.org/10.1145/1247480.1247486},
 acmid = {1247486},
 publisher = {ACM},
 address = {New York, NY, USA},
 keywords = {aggregates, games, indexing, scripting},
} 



@misc{SCRIPTING_LUA,
	Howpublished = {http://en.wikipedia.org/wiki/Category:Lua-scripted\_video\_games},
	Title = {Games using LUA as a scripting language}}


@misc{SCRIPTING_PYTHON,
	Author = {Dawson, Bruce},
	Howpublished = {http:// www.gamasutra.com/features/ 20020821/dawson\_ pfv.htm},
	Month = August,
	Note = {Game Developers Conference Proceedings},
	Title = {Game scripting in Python},
	Year = {2002}}

@misc{UNREALSCRIPT_LATENT_FUNCTIONS,
	Howpublished = {http://unreal.epicgames.com/UnrealScript.htm},
	Title = {UnrealScript documentation}}

@article{25,
	Author = {Mustafa Thamer},
	Date-Added = {2011-05-20 13:14:47 +0200},
	Date-Modified = {2011-05-20 13:15:18 +0200},
	Journal = {Game Developer},
	Month = {August},
	Title = {Act of mod: Building Sid Meier's Civilization IV for customization.},
	Year = {2005}}

@article{24,
	Author = {Jake Simpson},
	Date-Added = {2011-05-20 13:13:27 +0200},
	Date-Modified = {2011-05-20 13:14:39 +0200},
	Journal = {Game Developers Conference (GDC)},
	Title = {Scripting and Sims2: Coding the psychology of little people.},
	Year = {2005}}

@techreport{21,
	Author = {Philip Rosedale and Cory Ondrejka},
	Date-Added = {2011-05-20 13:12:29 +0200},
	Date-Modified = {2011-05-20 13:13:25 +0200},
	Institution = {Gamasutra},
	Month = {September},
	Title = {Enabling player-created online world with grid computing and streaming.},
	Year = {2003}}

@manual{23,
	Organization = {Sega},
	Title = {Rome: Total War Manual},
	Year = {2004}}

@manual{18,
	Author = {Don Moar and Jay Watamaniuk},
	Date-Added = {2011-05-20 13:11:54 +0200},
	Date-Modified = {2011-05-20 13:12:27 +0200},
	Organization = {Bioware},
	Title = {Introduction to the Aurora Neverwinter Toolset.},
	Year = {2006}}

@article{17,
	Author = {Michael Mateas and Andrew Stern},
	Date-Added = {2011-05-20 13:11:17 +0200},
	Date-Modified = {2011-05-20 13:11:40 +0200},
	Journal = {In Technologies for Interactive Digital Storytelling and Entertainment (TIDSE)},
	Title = {Natural language understanding in faade: Surface-text processing.},
	Year = {2006}}

@article{14,
	Author = {John Laird and Michael van Lent.},
	Date-Added = {2011-05-20 13:10:29 +0200},
	Date-Modified = {2011-05-20 13:11:01 +0200},
	Journal = {In National Conference on Artificial Intelligence (AAAI)},
	Title = {Interactive computer games: Human-level AI's killer application.},
	Year = {2000}}

@article{12,
	Author = {David Diller, William Ferguson, Alice Leung, Brett Benyo, and Dennis Foley},
	Date-Added = {2011-05-20 13:08:48 +0200},
	Date-Modified = {2011-05-20 13:09:18 +0200},
	Journal = {In Proceedings of the Thirteenth Conference on Behavior Representation in Modeling and Simulation},
	Title = {Behavior modeling in commercial games},
	Year = {2004}}

@book{10,
	Author = {Mark DeLoura},
	Date-Added = {2011-05-20 13:07:32 +0200},
	Date-Modified = {2011-05-20 13:08:15 +0200},
	Publisher = {Charles River Media},
	Title = {Game Programmer Gems 1},
	Year = {2000}}

@misc{3,
	Date-Added = {2011-05-20 13:07:10 +0200},
	Date-Modified = {2011-05-20 13:07:30 +0200},
	Howpublished = {http://www.theesa.com/},
	Title = {Entertainment Software Association. 2006 sales, demographic and usage data: Essential facts about the computer and video game industry. }}

@misc{2,
	Author = {AIAndy and Zalamander},
	Date-Added = {2011-05-20 13:06:34 +0200},
	Date-Modified = {2011-05-20 13:07:07 +0200},
	Howpublished = {http://www.ecs.soton.ac.uk/~lph105/AMAI},
	Title = {Advanced melee AI in Warcraft III}}
