@article{AS12,
  author    = {Gianluca Amato and
               Francesca Scozzari},
  title     = {The Abstract Domain of Parallelotopes},
  journal   = {Electronic Notes Theoretical Computer Science},
  volume    = {287},
  year      = {2012},
  pages     = {17-28},
}

@inproceedings{RS05,
  author    = {Stefan Ratschan and Zhikun She},
  title     = {Safety Verification of Hybrid Systems by Constraint Propagation Based Abstraction Refinement},
  booktitle = {Proceedings of HSCC 2005},
  year      = {2005},
  pages     = {573-589},
  publisher = {Springer},
  series    = {Lecture Notes in Computer Science},
  volume    = {3414},
}

@inproceedings{GC10,
  author    = {Arie Gurfinkel and Sagar Chaki},
  title     = {Boxes: A Symbolic Abstract Domain of Boxes},
  booktitle = {Static Analysis - 17th International Symposium, SAS 2010, Perpignan, France, September 14-16, 2010. Proceedings},
  year      = {2010},
  publisher = {Springer},
  series    = {Lecture Notes in Computer Science},
  volume    = {6337},
  pages     = {287-303},
}


@INPROCEEDINGS{ADI02,
    author = {Rajeev Alur and Thao Dang and Franjo Ivancic},
    title = {Reachability Analysis of Hybrid Systems via Predicate Abstraction},
    booktitle = {Hybrid Systems: Computation and Control, Fifth International Workshop, LNCS 2289},
    year = {2002},
    pages = {35--48},
    publisher = {Springer-Verlag}
}

@ARTICLE{AHLP00, 
	author={Alur, R. and Henzinger, T.A. and Lafferriere, G. and Pappas, G.J.}, 
	journal={Proceedings of the IEEE}, title={Discrete abstractions of hybrid systems}, 
	year={2000}, 
	volume={88}, 
	number={7}, 
	pages={971-984}, 
}

@INPROCEEDINGS{HRP94,
    author = {Nicolas Halbwachs and Pascal Raymond and Yann-eric Proy},
    title = {Verification of Linear Hybrid Systems By Means of Convex Approximations},
    booktitle = {},
    year = {1994},
    pages = {223--237},
    publisher = {Springer-Verlag}
}

@ARTICLE{ACH95,
    author = {R. Alur and C. Courcoubetis and N. Halbwachs and T. A. Henzinger and P.-H. Ho and X. Nicollin and A. Olivero and J. Sifakis and S. Yovine},
    title = {The algorithmic analysis of hybrid systems},
    journal = {THEORETICAL COMPUTER SCIENCE},
    year = {1995},
    volume = {138},
    pages = {3--34}
}

@article{HHW97,
  author    = {Thomas A. Henzinger and Pei-Hsin Ho and Howard Wong-Toi},
  title     = {HYTECH: A Model Checker for Hybrid Systems},
  journal   = {STTT},
  volume    = {1},
  number    = {1-2},
  year      = {1997},
  pages     = {110-122},
}

@inproceedings{B09,
  author    = {Olivier Bouissou},
  title     = {Proving the Correctness of the Implementation of a Control-Command Algorithm},
  booktitle = {Static Analysis, 16th International Symposium, SAS 2009, Los Angeles, CA, USA, August 9-11, 2009. Proceedings},
  publisher = {Springer},
  series    = {Lecture Notes in Computer Science},
  volume    = {5673},
  year      = {2009},
  pages     = {102-119},

}

@inproceedings{BMC12,
  author    = {Olivier Bouissou and
               Samuel Mimram and
               Alexandre Chapoutot},
  title     = {HySon: Set-based simulation of hybrid systems},
  booktitle = {Proceedings of the 23rd IEEE International Symposium on
               Rapid System Prototyping, RSP 2012, Tampere, Finland},
  year      = {2012},
  pages     = {79-85},
}

@inproceedings{B12,
	Author = {Olivier Bouissou},
	Title = {From control-command synchronous programs to hybrid automata},
	Year = {2012},
	Month={June},
	Booktitle={Analysis and Design of Hybrid Systems (ADHS'12)},
}

@inproceedings{CGJ00,
  author    = {Edmund M. Clarke and
               Orna Grumberg and
               Somesh Jha and
               Yuan Lu and
               Helmut Veith},
  title     = {Counterexample-Guided Abstraction Refinement},
  booktitle = {Computer Aided Verification (CAV), 12th International Conference,
               CAV 2000, Chicago, IL, USA, July 15-19, 2000, Proceedings},
  year      = {2000},
  pages     = {154-169},
  publisher = {Springer},
  series    = {Lecture Notes in Computer Science},
  volume    = {1855},
}

@article{HKL10,
  author  = {Jacob M. Howe and
               Andy King and
               Charles Lawrence-Jones},
  title     = {Quadtrees as an Abstract Domain},
  journal   = {Electronic Notes in Theoretical Computer Science.},
  volume    = {267},
  number    = {1},
  year      = {2010},
  pages     = {89-100},
}

@ARTICLE{MIN06,
  author = {Min\'e, A{.}},
  title = {The Octagon Abstract Domain},
  journal = {Higher-Order and Symbolic Computation},
  year = {2006},
  owner = {Pietro},
  timestamp = {2007.06.14}
}

@INPROCEEDINGS{CH78,
  author = {Cousot, P{.} and Halbwachs, N{.}},
  title = {Automatic discovery of linear restraints among variables of a program},
  booktitle = {Proceedings of POPL '78},
  year = {1978},
  publisher = {ACM Press}
}

@INCOLLECTION{COU98,
  author = {Cousot, P{.}},
  title = {The Calculational Design of a Generic Abstract Interpreter},
  booktitle = {Calculational System Design},
  publisher = {NATO ASI Series F. IOS Press, Amsterdam},
  year = {1999}
}

@inproceedings{LF08,
  author    = {Francesco Logozzo and
               Manuel F{\"a}hndrich},
  title     = {Pentagons: a weakly relational abstract domain for the efficient
               validation of array accesses},
  booktitle = {Proceedings of SAC '08},
  year      = {2008},
  pages     = {184-188},
  publisher = {ACM Press}

}

@inproceedings{F08,
  author    = {Pietro Ferrara and
               Francesco Logozzo and
               Manuel F{\"a}hndrich},
  title     = {Safer unsafe code for .NET},
  booktitle = {Proceedings of OOPSLA '08},
  year      = {2008},
  pages     = {329-346},
  publisher = {ACM Press}

}

@inproceedings{G12,
  author    = {Khalil Ghorbal and
               Franjo Ivancic and
               Gogul Balakrishnan and
               Naoto Maeda and
               Aarti Gupta},
  title     = {Donut Domains: Efficient Non-convex Domains for Abstract
               Interpretation},
  booktitle = {Proceedings of VMCAI '12},
  year      = {2012},
  pages     = {235-250},
  publisher = {Springer-Verlag}

}

@article{FR99,
  author    = {Gilberto Fil{\'e} and
               Francesco Ranzato},
  title     = {The Powerset Operator on Abstract Interpretations},
  journal   = {Theor. Comput. Sci.},
  volume    = {222},
  number    = {1-2},
  year      = {1999},
  pages     = {77-111},
}

@article{HMG06,
  author    = {Nicolas Halbwachs and
               David Merchat and
               Laure Gonnord},
  title     = {Some ways to reduce the space dimension in polyhedra computations},
  journal   = {Formal Methods in System Design},
  volume    = {29},
  number    = {1},
  year      = {2006},
  pages     = {79-95},
}

@inproceedings{SB13,
  author    = {Yassamine Seladji and
               Olivier Bouissou},
  title     = {Fixpoint Computation in the Polyhedra Abstract Domain Using
               Convex and Numerical Analysis Tools},
  booktitle = {Proceedings of VMCAI '08},
  year      = {2013},
  pages     = {149-168},

  publisher = {Springer-Verlag}
}

@inproceedings{SISG06,
  author    = {Sriram Sankaranarayanan and
               Franjo Ivancic and
               Ilya Shlyakhter and
               Aarti Gupta},
  title     = {Static Analysis in Disjunctive Numerical Domains},
  booktitle = {Proceedings of SAS '06},
  year      = {2006},
  pages     = {3-17},
  publisher = {Springer-Verlag}
}

@article{BHZ07,
  author    = {Roberto Bagnara and
               Patricia M. Hill and
               Enea Zaffanella},
  title     = {Widening operators for powerset domains},
  journal   = {STTT},
  volume    = {9},
  number    = {3-4},
  year      = {2007},
  pages     = {413-414},

}

@inproceedings{MR05,
  author    = {Laurent Mauborgne and
               Xavier Rival},
  title     = {Trace Partitioning in Abstract Interpretation Based Static
               Analyzers},
  booktitle = {Proceedings of ESOP '05},
  year      = {2005},
  pages     = {5-20},

  publisher = {Springer-Verlag}}

@book{E10,
  title={Game Physics},
  author={Eberly, D.H.},
  isbn={9780123749031},
  lccn={2009049828},
  series={Interactive 3D technology series},
  year={2010},
  publisher={Elsevier Science}
}
