%% This BibTeX bibliography file was created using BibDesk.
%% http://bibdesk.sourceforge.net/


%% Created for Giuseppe Maggiore at 2011-05-12 14:39:57 +0200 


%% Saved with string encoding Unicode (UTF-8) 

@misc{ESA,
	Howpublished = {http://www.theesa.com},
	Title = {Entertainment Software Association}

@misc{DLR,
	Date-Added = {2011-05-12 14:36:45 +0200},
	Date-Modified = {2011-05-12 14:37:12 +0200},
	Howpublished = {http://dlr.codeplex.com/},
	Title = {DLR (Dynamic Language Runtime)}}

@misc{SWIG,
	Date-Added = {2011-05-12 14:36:29 +0200},
	Date-Modified = {2011-05-12 14:36:39 +0200},
	Howpublished = {http://www.swig.org/},
	Title = {SWIG (Simplified Wrapper and Interface Generator)}}

@misc{CSHARP_YIELD,
	Date-Added = {2011-05-12 12:04:46 +0200},
	Date-Modified = {2011-05-12 12:05:46 +0200},
	Howpublished = {http://msdn.microsoft.com/en-us/library/9k7k7cf0(v=vs.80).aspx},
	Title = {C\# Yield (Reference)}}

@misc{GALAXY_WARS,
	Howpublished = {http://vsteam2010.codeplex.com/},
	Title = {Galaxy Wars Game}}

@misc{SCRIPTING_LUA,
	Howpublished = {http://en.wikipedia.org/wiki/Category:Lua-scripted\_video\_games},
	Title = {Games using LUA as a scripting language}}

@misc{UNITY_YIELD,
	Howpublished = {http://unity3d.com/support/ documentation/ScriptReference/index.Coroutines\_26\_Yield.html},
	Title = {Scripting in Unity}}

@article{DESIGN_PC_GAME_ENGINE,
	Acmid = {618496},
	Address = {Los Alamitos, CA, USA},
	Author = {Bishop, Lars and Eberly, Dave and Whitted, Turner and Finch, Mark and Shantz, Michael},
	Doi = {10.1109/38.637270},
	Issn = {0272-1716},
	Issue = {1},
	Journal = {IEEE Comput. Graph. Appl.},
	Month = {January},
	Numpages = {8},
	Pages = {46--53},
	Publisher = {IEEE Computer Society Press},
	Title = {Designing a PC Game Engine},
	Url = {http://portal.acm.org/citation.cfm?id=616050.618496},
	Volume = {18},
	Year = {1998},
	Bdsk-Url-1 = {http://portal.acm.org/citation.cfm?id=616050.618496},
	Bdsk-Url-2 = {http://dx.doi.org/10.1109/38.637270}}

@misc{SCRIPTING_PYTHON,
	Author = {Dawson, Bruce},
	Howpublished = {http:// www.gamasutra.com/features/ 20020821/dawson\_ pfv.htm},
	Month = August,
	Note = {Game Developers Conference Proceedings},
	Title = {Game scripting in Python},
	Year = {2002}}

@inproceedings{MODULAR_DSL,
	Author = {Paul Hudak},
	Booktitle = {in Proceedings of Fifth International Conference on Software Reuse},
	Pages = {134--142},
	Publisher = {IEEE Computer Society Press},
	Title = {Modular Domain Specific Languages and Tools},
	Year = {1998}}

@misc{LISP_SCRIPTS,
	Author = {Liebgold, Dan},
	Howpublished = {http://www.naughtydog.com/docs/Naughty-Dog-GDC08-Adventures-In-Data-Compilation.pdf},
	Month = August,
	Title = {Adventures in Data Compilation},
	Year = {2010}}

@article{MOGGI_MON,
	Author = {Eugenio Moggi},
	Journal = {Information and Computation},
	Pages = {55--92},
	Title = {Notions of Computation and Monads},
	Volume = {93},
	Year = {1989}}

@misc{GAMEDEV_PYTHON,
	Author = {Riley, Sean},
	Howpublished = {Charles River Media, Hingham: MA},
	Title = {Game Programming with Python (Game Devel- opment Series},
	Year = {2003}}

@article{DECL_IMP,
	Address = {New York, NY, USA},
	Author = {Wadler, Philip},
	Doi = {http://doi.acm.org/10.1145/262009.262011},
	Issn = {0360-0300},
	Journal = {ACM Comput. Surv.},
	Number = {3},
	Pages = {240--263},
	Publisher = {ACM},
	Title = {How to declare an imperative},
	Volume = {29},
	Year = {1997},
	Bdsk-Url-1 = {http://doi.acm.org/10.1145/262009.262011}}

@inproceedings{COMPR_MON,
	Author = {Philip Wadler},
	Booktitle = {Mathematical Structures in Computer Science},
	Pages = {61--78},
	Title = {Comprehending Monads},
	Year = {1992}}

@misc{EFF_MON,
	Author = {Philip Wadler and Peter Thiemann},
	Title = {The Marriage of Effects and Monads},
	Year = {1998}}

@inproceedings{MONADIC_DSL,
	Author = {Keith Wansbrough and Keith Wansbrough and John Hamer and John Hamer},
	Booktitle = {In Conference on Domain-Specific Languages},
	Pages = {157--170},
	Title = {A modular monadic action semantics},
	Year = {1997}}

@inproceedings{SCALING_GAMES,
	Acmid = {1247486},
	Address = {New York, NY, USA},
	Author = {White, Walker and Demers, Alan and Koch, Christoph and Gehrke, Johannes and Rajagopalan, Rajmohan},
	Booktitle = {Proceedings of the 2007 ACM SIGMOD international conference on Management of data},
	Doi = {http://doi.acm.org/10.1145/1247480.1247486},
	Isbn = {978-1-59593-686-8},
	Keywords = {aggregates, games, indexing, scripting},
	Location = {Beijing, China},
	Numpages = {12},
	Pages = {31--42},
	Publisher = {ACM},
	Series = {SIGMOD '07},
	Title = {Scaling games to epic proportions},
	Url = {http://doi.acm.org/10.1145/1247480.1247486},
	Year = {2007},
	Bdsk-Url-1 = {http://doi.acm.org/10.1145/1247480.1247486}}

@article{LUA_COROUTINES,
	Author = {de Moura, Ana L. and Rodriguez, Noemi and Ierusalimschy, Roberto},
	Citeulike-Article-Id = {2924027},
	Citeulike-Linkout-0 = {http://citeseer.ist.psu.edu/694109.html},
	Journal = {Journal of Universal Computer Science},
	Keywords = {algorithms, concurrency-control, cplusplus, database, distributed, multithreading, performance, realtime, software-engineering, throughput},
	Month = jul,
	Number = {7},
	Pages = {910--925},
	Posted-At = {2008-06-24 18:16:13},
	Priority = {0},
	Title = {{Coroutines in Lua}},
	Url = {http://citeseer.ist.psu.edu/694109.html},
	Volume = {10},
	Year = {2004},
	Bdsk-Url-1 = {http://citeseer.ist.psu.edu/694109.html}}

@misc{PYTHON_COROUTINES,
	Author = {Van Rossum, Guido and Eby J., Phillip},
	Howpublished = {http://www.python.org/dev/peps/pep-0342/},
	Month = August,
	Title = {PEP 342 - Coroutines via Enhanced Generators},
	Year = {2010}}

@inproceedings{GPU_GEMS_6,
	Author = {L. H. de Figueiredo and W. Celes and R. Ierusalimschy},
	Booktitle = {Game Programming Gems 6},
	Pages = {357--369},
	Title = {Programming advanced control mechanisms with Lua coroutines},
	Year = {2006}}

@misc{CSHARP_ASYNC,
	Howpublished = {http://msdn.microsoft.com/en-us/vstudio/async.aspx},
	Title = {C\# Async and Await (Reference)}}

@misc{UNREALSCRIPT_LATENT_FUNCTIONS,
	Howpublished = {http://unreal.epicgames.com/UnrealScript.htm},
	Title = {UnrealScript documentation}}

@misc{SIMS3_SL_MONO,
	Howpublished = {http://en.wikipedia.org/wiki/Mono\_(software)\\\#Software\_developed\_with\_Mono},
	Title = {Sims 3 and Second Life built with Mono}}

@misc{UNITY_AND_MONO,
	Howpublished = {http://unity3d.com/support/ documentation/Manual/HOWTO-MonoDevelop.html},
	Title = {Unity and Mono}}

@misc{XNA,
	Howpublished = {http://msdn.microsoft.com/en-us/library/bb200104.aspx},
	Title = {XNA 4 Documentation}}

@inproceedings{CSHARP_LINQ,
	Acmid = {1142552},
	Address = {New York, NY, USA},
	Author = {Meijer, Erik and Beckman, Brian and Bierman, Gavin},
	Booktitle = {Proceedings of the 2006 ACM SIGMOD international conference on Management of data},
	Doi = {http://doi.acm.org/10.1145/1142473.1142552},
	Isbn = {1-59593-434-0},
	Location = {Chicago, IL, USA},
	Numpages = {1},
	Pages = {706--706},
	Publisher = {ACM},
	Series = {SIGMOD '06},
	Title = {LINQ: reconciling object, relations and XML in the .NET framework},
	Url = {http://doi.acm.org/10.1145/1142473.1142552},
	Year = {2006},
	Bdsk-Url-1 = {http://doi.acm.org/10.1145/1142473.1142552}}

@BOOK{FRIENDLY_FSHARP,
   author = {Maggiore, Giuseppe and Costantini, Giulia},
   title= {Friendly F\# (fun with game programming)},
   publisher = {Smashwords},
   isbn = {978-1-4657-5005-1}
   year = {2011}
   }

