@inproceedings{white2007scaling,
	title={Scaling games to epic proportions},
	author={White, Walker and Demers, Alan and Koch, Christoph and Gehrke, Johannes and Rajagopalan, Rajmohan},
	booktitle={Proceedings of the 2007 ACM SIGMOD international conference on Management of data},
	pages={31--42},
	year={2007},
	organization={ACM}
}

@book{gill1962introduction,
	title={Introduction to the theory of finite-state machines},
	author={Gill, A.},
	year={1962},
	publisher={McGraw-Hill}
}

@book{fenton2014software,
	title={Software metrics: a rigorous and practical approach},
	author={Fenton, N. and Bieman, J.},
	year={2014},
	publisher={CRC Press}
}
@book{data1975introduction,
	author = {Date, C.J.},
	title = {An Introduction to {Database} {Systems} },
	year = {2003},
	edition = {8},
	publisher = {Addison-Wesley Longman Publishing Co., Inc.}
} 


@article{baddeley1975word,
	title={Word length and the structure of short-term memory},
	author={Baddeley, A.D. and Thomson, N. and Buchanan, M.},
	journal={Journal of verbal learning and verbal behavior},
	volume={14},
	number={6},
	pages={575--589},
	year={1975},
	publisher={Elsevier}
}

@incollection{green1982apl,
	author={Green, P.J.},
	editor={Gilchrist, R.},
	title={The {APL} Alternative},
	bookTitle={{GLIM} 82: {P}roceedings of the {I}nternational {C}onference on {G}eneralised {L}inear {M}odels},
	year={1982},
	publisher={Springer New York},
	pages={69--75}
}



@book{li2009introduction,
	author = {Li, M. and Vit\'{a}nyi, P.},
	title = {An Introduction to {K}olmogorov Complexity and Its Applications (2nd {E}d.)},
	year = {1997},
	publisher = {Springer-Verlag New York, Inc.}
} 

@phdthesis{guelton2011building,
	title={Building source-to-source compilers for heterogeneous targets},
	author={Guelton, S.},
	year={2011}
}

@inproceedings{maggiore2012formal,
	author = {Maggiore, G. and Span\`{o}, A. and Orsini, R. and Bugliesi, M. and Abbadi, M. and Steffinlongo, E.},
	title = {A {F}ormal {S}pecification for {C}asanova, a {L}anguage for {C}omputer {G}ames},
	booktitle = {{Proceedings of the 4th ACM SIGCHI Symposium on Engineering Interactive Computing Systems}},
	series = {EICS '12},
	year = {2012},
	pages = {287--292},
	publisher = {ACM}
} 
@inproceedings{jones1996compiling,
	title={{Compiling Haskell by program transformation: A report from the trenches}},
	author={Jones, S.L.P.},
	booktitle={European Symposium on Programming},
	pages={18--44},
	year={1996},
	organization={Springer}
}

@misc{OpenGL15_20,
	author = {3DLabs},
	title = {{OpenGL Shading Language Master Class Notes}},
	year = {2004},
	howpublished = {\url{https://nccastaff.bournemouth.ac.uk/jmacey/CP2/slides/Lecture17GLSL4up.pdf}}
}

@incollection{djaouti2011origins,
	title={Origins of serious games},
	author={Djaouti, Damien and Alvarez, Julian and Jessel, Jean-Pierre and Rampnoux, Olivier},
	booktitle={Serious games and edutainment applications},
	pages={25--43},
	year={2011},
	publisher={Springer}
}


@book{abt1987serious,
	title={Serious games},
	author={Abt, Clark C},
	year={1987},
	publisher={University Press of America}
}



@article{jean1958caillois,
	title={{Caillois (Roger)-Les Jeux et les Hommes (Le Masque et la Vertige)}},
	author={Meynaud, J.},
	journal={Revue {\'e}conomique},
	volume={9},
	number={6},
	pages={1001--1001},
	year={1958},
	publisher={Programme National Pers{\'e}e}
}



@inproceedings{anderson2011classification,
	title={A classification of scripting systems for entertainment and serious computer games},
	author={Anderson, E.F.},
	booktitle={Games and Virtual Worlds for Serious Applications (VS-GAMES), 2011 Third International Conference on},
	pages={47--54},
	year={2011},
	organization={IEEE}
}

@inproceedings{buro2004call,
	title={{Call for AI research in RTS games}},
	author={Buro, M.},
	booktitle={Proceedings of the AAAI-04 Workshop on Challenges in Game AI},
	pages={139--142},
	year={2004}
}

@article{claypool2005effect,
	title={The effect of latency on user performance in real-time strategy games},
	author={Claypool, M.},
	journal={Computer Networks},
	volume={49},
	number={1},
	pages={52--70},
	year={2005},
	publisher={Elsevier}
}

@inproceedings{claypool2006effects,
	title={The effects of frame rate and resolution on users playing first person shooter games},
	author={Claypool, M. and Claypool, K. and Damaa, F.},
	booktitle={Electronic Imaging 2006},
	pages={607101--607101},
	year={2006},
	organization={International Society for Optics and Photonics}
}

@Inbook{abbadi2014resource,
	title={{Resource Entity Action: A Generalized Design Pattern for RTS games}},
	author={Abbadi, M. and Di Giacomo, F. and Orsini, R. and Plaat, A. and Spronck, P. and Maggiore, G.},
	booktitle={Computers and Games: 8th International Conference, CG 2013, Yokohama, Japan, August 13-15, 2013, Revised Selected Papers},
	pages={244--256},
	year={2014},
	publisher={Springer},
	editor={van den Herik, H.J.	and Iida, H. and Plaat, A.}
}




@inproceedings{buro2003real,
	title={{Real-time strategy games: A new AI research challenge}},
	author={Buro, M.},
	booktitle={IJCAI},
	pages={1534--1535},
	year={2003}
}

@inproceedings{sharma2007transfer,
	title={{Transfer Learning in Real-Time Strategy Games Using Hybrid CBR/RL.}},
	author={Sharma, M. and Holmes, M.P. and Santamar{\'\i}a, J.C. and Irani, A. and Isbell Jr, C.L. and Ram, A.},
	booktitle={IJCAI},
	volume={7},
	pages={1041--1046},
	year={2007}
}

@incollection{aha2005learning,
	title={{Learning to win: Case-based plan selection in a real-time strategy game}},
	author={Aha, D. W and Molineaux, M. and Ponsen, M.},
	booktitle={Case-based reasoning research and development},
	pages={5--20},
	year={2005},
	publisher={Springer}
}

@inproceedings{buro2005development,
	title={{On the development of a free RTS game engine}},
	author={Buro, M. and Furtak, T.},
	booktitle={GameOnâ€™NA Conference},
	pages={23--27},
	year={2005}
}


@misc{ban2002jgroups,
	title={{JGroups - A Toolkit for Reliable Multicast Communication}},
	author={Ban, B.},
	year={2002},
	howpublished = {\url{http://www.jgroups.org/index.html}}
}

@inproceedings{abbadi2015high,
	title={{High performance encapsulation in Casanova 2}},
	author={Abbadi, M. and Di Giacomo, F. and Cortesi, A. and Spronck, P. and Giulia, C. and Maggiore, G.},
	booktitle={Computer Science and Electronic Engineering Conference (CEEC), 2015 7th},
	pages={201--206},
	year={2015},
	organization={IEEE}
}



@book{richter2012clr,
	title={{CLR via C\#}},
	author={Richter, J.},
	year={2012},
	publisher={Pearson Education}
}

@article{ungar1992object,
	title={{Object, message, and performance: how they coexist in Self}},
	author={Ungar, D. and Smith, R.B. and Chambers, C. and H{\"o}lzle, U.},
	journal={Computer},
	volume={25},
	number={10},
	pages={53--64},
	year={1992},
	publisher={IEEE}
}

@article{takeuchi1986new,
	title={The new new product development game},
	author={Takeuchi, H. and Nonaka, I.},
	journal={Harvard business review},
	volume={64},
	number={1},
	pages={137--146},
	year={1986}
}

@article{variety_article,
	title={{Interactive Development: The New Hell}},
	author={Marx, A.},
	year={1994},
	journal={Variety},
	volume={354},
	pages = {1}
}

@misc{mallett1998zillions,
	title={Zillions of games},
	author={Mallett, J. and Lefler, M.},
	howpublished={\url{www.zillions-of-games.com}},
	year={1998}
}


@book{reed2010creating,
	title={{Creating Interactive Fiction with Inform 7}},
	author={Reed, A.},
	year={2010},
	publisher={Cengage Learning}
}



@misc{kalogirou2005multithreaded,
	title={{Stackless Python}},
	author={Tismer, C.},
	howpublished = {\url{http://www.stackless.com/}}
}



@book{armstrong1993concurrent,
	title={Concurrent programming in ERLANG},
	author={Armstrong, Joe and Virding, Robert and Wikstr{\"o}m, Claes and Williams, Mike},
	year={1993},
	publisher = {Prentice Hall}
}



@Inbook{meta_casanova,
	title={{Building game scripting DSL's with the Metacasanova metacompiler}},
	author={Di Giacomo, F. and Abbadi, M. and Cortesi, A. and Spronck, P. and Maggiore, G.},
	editor={Poppe, R. and Meyer, J.J. and Veltkamp, R. and Dastani, M.},
	booktitle={Intelligent Technologies for Interactive Entertainment: 8th International Conference},
	publisher={Springer International Publishing},
	pages={231--242},
	year={2016}
}

@inproceedings{cheung2015bridging,
	title={{Bridging the gap between general-purpose and domain-specific compilers with synthesis}},
	author={{Cheung, Alvin and Kamil, Shoaib and Solar-Lezama, Armando}},
	booktitle={{LIPIcs-Leibniz International Proceedings in Informatics}},
	volume={32},
	year={2015},
	organization={Schloss Dagstuhl-Leibniz-Zentrum fuer Informatik}
}



@inproceedings{albrecht2009pitfalls,
	title={Pitfalls of object oriented programming},
	author={Albrecht, T.},
	booktitle={Proceedings of Game Connect: Asia Pacific (GCAP)},
	year={2009}
}


@misc{engine9unity,
	title={{Unity Game Engine}},
	howpublished={\url{http://unity3d.com}}
}


@misc{games2006unreal,
	title={{Unreal Technology}},
	howpublished={\url{https://www.unrealengine.com/}}
}



@inproceedings{russell2008tackling,
	title={Tackling online game development problems with a novel network scripting language},
	author={Russell, G. and Donaldson, A.F. and Sheppard, P.},
	booktitle={Proceedings of the 7th ACM SIGCOMM Workshop on Network and System Support for Games},
	pages={85--90},
	year={2008},
	organization={ACM}
}



@inproceedings{foster2011frenetic,
	title={{Frenetic: A network programming language}},
	author={Foster, N. and Harrison, R. and Freedman, M.J. and Monsanto, C. and Rexford, J. and Story, A. and Walker, D.},
	booktitle={ACM SIGPLAN Notices},
	volume={46},
	number={9},
	pages={279--291},
	year={2011},
	organization={ACM}
}



@inproceedings{glinka2007rtf,
	title={{RTF: a real-time framework for developing scalable multiplayer online games}},
	author={Glinka, F. and Plo{\ss}, A. and M{\"u}ller-lden, J. and Gorlatch, S.},
	booktitle={Proceedings of the 6th ACM SIGCOMM workshop on Network and system support for games},
	pages={81--86},
	year={2007},
	organization={ACM}
}



@book{wolf2008video,
	title={{The video game explosion: a history from PONG to Playstation and beyond}},
	author={Wolf, M.J.P.},
	year={2008},
	publisher={ABC-CLIO}
}


@inproceedings{terry1987software,
	title={{Software Maintenance Using Metaprogramming Systems}},
	author={Terry, B.W. and Cameron, R.D.},
	booktitle={Proc. Conf. on Software Maintenance},
	volume={1087},
	pages={115--119},
	year={1987}
}

@inproceedings{maggiore2011monadic,
	title={Monadic scripting in f\# for computer games},
	author={Maggiore, Giuseppe and Bugliesi, M and Orsini, R},
	booktitle={TTSS 115th International Workshop on Harnessing Theories for Tool Support in Software},
	pages={35},
	year={2011}
}


@inproceedings{tabareau2013typed,
	title={A typed monadic embedding of aspects},
	author={Tabareau, N. and Figueroa, I. and Tanter, {\'E}.},
	booktitle={Proceedings of the 12th annual international conference on Aspect-oriented software development},
	pages={171--184},
	year={2013},
	organization={ACM}
}


@book{fowler48567refactoring,
	title={Refactoring: improving the design of existing code},
	author={Fowler, M.},
	year={1999},
	publisher={Addison-Wesley}
}

@book{zhou2008partial,
	title={Partial evaluation for optimized compilation of actor-oriented models},
	author={Zhou, G.},
	year={2008},
	publisher={ProQuest}
}



@book{beck2000extreme,
	title={Extreme programming explained: embrace change},
	author={Beck, K.},
	year={2000},
	publisher={Addison-Wesley Professional}
}



@inproceedings{rage_quitting,
	title={{PlayerRating: a reputation system for multiplayer online games}},
	author={Kaiser, E. and Feng, W.},
	booktitle={Proceedings of the 8th Annual Workshop on Network and Systems Support for Games},
	pages={8},
	year={2009},
	publisher = {IEEE Press}
}

@misc{ai_dithering,
	title={{Using Ant Colonization Optimization to Control Difficulty in Video Game AI.}},
	author={Courtney, J.},
	year={2010},  
	note = {Undergraduate Honors Theses},
	howpublished = {\url{http://dc.etsu.edu/honors/147}}  
}

@inproceedings{bhatti2009domain,
	title={{Domain specific languages (DSLs) for network protocols}},
	author={Bhatti, S. and Brady, E. and Hammond, K. and McKinna, J.},
	booktitle={International Workshop on Next Generation Network Architecture (NGNA 2009)},
	year={2009}
}


@article{smed2002aspects,
	title={Aspects of networking in multiplayer computer games},
	author={Smed, J. and Kaukoranta, T. and Hakonen, H.},
	journal={The Electronic Library},
	volume={20},
	number={2},
	pages={87--97},
	year={2002},
	journal={MCB UP Ltd}
}

@misc{game_sales_esa,
	title = {Essential facts about the computer and video game industry},
	author = {Entertainment software association (esa)},
	year = {2016},
	howpublished = {\url{http://essentialfacts.theesa.com/Essential-Facts-2016.pdf}}
}

@book{granberg2014david,
	title={{David Perry on game design: a brainstorming toolbox}},
	author={Granberg, C.},
	year={2014},
	publisher={Cengage Learning}
}

@article{claypool2006latency,
	title={Latency and player actions in online games},
	author={Claypool, M. and Claypool, K.},
	journal={Communications of the ACM},
	volume={49},
	number={11},
	pages={40--45},
	year={2006},
	journal={ACM}
}

@techreport{eder1994coupling,
	title={Coupling and cohesion in object-oriented systems},
	author={Eder, Johann and Kappel, Gerti and Schrefl, Michael},
	year={1994},
	institution={University of Klagenfurt, Austria}
}

@misc{wiki:galcon,
	title = {Galcon},
	howpublished = {\url{https://www.galcon.com/}}
}

@article{lewis2002game,
	author = {Lewis, M. and Jacobson, J.},
	title = {{Game Engines in Scientific Research}},
	journal ={{Communications of the ACM}},
	year = {2002},
	volume = {45},
	pages = {27-31}
}

@misc{CMP_Media_2004,
	title = {{CMP Media Game Developers Conference}},
	year = {2004},
	howpublished = {\url{http://www.gdconf.com/}}
}


@article{sujeeth2014delite,
	title={Delite: A compiler architecture for performance-oriented embedded domain-specific languages},
	author={Sujeeth, Arvind K and Brown, Kevin J and Lee, Hyoukjoong and Rompf, Tiark and Chafi, Hassan and Odersky, Martin and Olukotun, Kunle},
	journal={ACM Transactions on Embedded Computing Systems (TECS)},
	volume={13},
	number={4s},
	pages={134},
	year={2014},
	publisher={ACM}
}


@inproceedings{Rocki:2014:FAP:2554850.2555029,
	author = {Rocki, K. and Burtscher, M. and Suda, R.},
	title = {The Future of Accelerator Programming: Abstraction, Performance or Can We Have Both?},
	series = {Symposium on Applied Computing},
	year = {2014},
	publisher = {ACM}
} 


@misc{galaxy_wars,
	title = {{Galaxy Wars}},
	author = {VSTeam},
	howpublished = {\url{http://www.galaxywarsthegame.com/}}
}

@phdthesis{maggiore2013casanova,
	title={Casanova: a language for game development},
	author={Maggiore, G.},
	year={2013},
	institution={UniversitÃ  Ca' Foscari}	
}

@inproceedings{stapleton2004serious,
	title={Serious games: Serious opportunities},
	author={Stapleton, A.J.},
	booktitle={Australian Game Developers Conference, Academic Summit, Melbourne},
	year={2004}
}


@misc{GAME_SALES,
	title = {{Gartner Says Worldwide Video Game Market to Total \$93 Billion in 2013}},
	author = {{Meulen R., Rivera J.}},
	howpublished = {\url{http://www.gartner.com/newsroom/id/2614915}}
}

@techreport{collar2006role,
	title={Role of software readability on software development cost},
	author={Collar Jr, Emilio and Valerdi, Ricardo},
	institution = {{Western Connecticut State University}},
	year={2006}
}


@techreport{citeulike:10949855,
	author = {{ISO/IEC/IEEE}},
	institution = {ISO/IEC/IEEE},
	title = {{ISO/IEC/IEEE 24765 - Systems and software engineering - Vocabulary}},
	year = {2010}
}

@article{neubauer2002object,
	title={The object-oriented paradigm: more natural or less familiar?},
	author={Neubauer, B.J. and Strong, D.D.},
	journal={Journal of Computing Sciences in Colleges},
	year={2002},
}

@incollection{best2009searching,
	title={Searching for concurrent design patterns in video games},
	author={Best, M.J. et al.},
	booktitle={Euro-Par 2009 Parallel Processing},
	pages={912--923},
	year={2009},
	publisher={Springer}
}



@inproceedings{claypool2009perspectives,
	title={Perspectives, frame rates and resolutions: it's all in the game},
	author={Claypool, M. and Claypool, K.},
	booktitle={International Conference on Foundations of Digital Games},
	year={2009},
	organization={ACM}
}




@article{FPS_RATE1,
	author = {Claypool, M. and Claypool, K. and Damaa, F.},
	title = {The effects of frame rate and resolution on users playing first person shooter games},
	journal = {SPIE},
	year = {2006},
}

@misc{lake2005threading,
	title={{Threading 3D Game Engine Basics}},
	author={Lake, A. and Gabb, H.},
	year={2005},
}




@article{FPS_RATE2,
	title = {On frame rate and player performance in first person shooter games},
	author = {Claypool, K. T. and Claypool, M.},
	journal = {Multimedia Systems},
	year = 2007
}

@article{READABILITY,
	title = {{Learning a Metric for Code Readability}},
	author = {Buse, R.P.L. and Weimer, W.R.},
	journal = {IEEE Transactions on Software Engineering},
	year = 2010
}

@article{REFERENTIAL_TRANSPARENCY,
	author = {Strachey, C.},
	title = {{Fundamental Concepts in Programming Languages}},
	journal = {Higher Order Symbol. Comput.},
	year = {2000},
} 

@inproceedings{maintainability,
	title={A human study of patch maintainability},
	author={Fry, Z.P. and Landau, B. and Weimer, W.},
	booktitle={International Symposium on Software Testing and Analysis},
	year={2012},
	organization={ACM}
}


@inproceedings{petridis2010engine,
	title={An engine selection methodology for high fidelity serious games},
	author={Petridis, P. and Dunwell, I. and De Freitas, S. and Panzoli, D.},
	booktitle={Games and Virtual Worlds for Serious Applications},
	year={2010},
	organization={IEEE}
}

@article{serious_games,
	title={{Computer games and learning: Digital game-based learning}},
	author={Prensky, M.},
	journal={Handbook of computer game studies},
	year={2005},
	publisher={MIT Press}
}


@inproceedings{ENCAPSULATION_AND_INHERITANCE_IN_OOP,
	title={Encapsulation and inheritance in object-oriented programming languages},
	author={Snyder, Alan},
	booktitle={ACM Sigplan Notices},
	volume={21},
	number={11},
	pages={38--45},
	year={1986},
	organization={ACM}
}




@book{crawford2003chris,
	title={Chris Crawford on game design},
	author={Crawford, C.},
	year={2003},
	publisher={New Riders}
}

@book{wolf2002genre,
	author={Wolf, M.J.},
	title={The medium of the video game},
	year={2002},
	publisher={University of Texas Press Austin, TX}
}

@article{greenberg2010orientations,
	title={Orientations to video games among gender and age groups},
	author={Greenberg, B.S. and Sherry, J. and Lachlan, K. and Lucas, K. and Holmstrom, A.},
	journal={Simulation \& Gaming},
	volume={41},
	number={2},
	pages={238--259},
	year={2010},
	publisher={SAGE Publications}
}



@article{sicart2008defining,
	title={Defining game mechanics},
	author={Sicart, M.},
	journal={Game Studies},
	volume={8},
	number={2},
	pages={1--14},
	year={2008}
}




@article{chehabi2002iran,
	title={{From Iran to All of Asia: The Origin and Diffusion of Polo}},
	author={Chehabi, H. and Guttmann, A.},
	journal={The International Journal of the History of Sport},
	volume={19},
	number={2-3},
	pages={384--400},
	year={2002},
	publisher={Taylor \& Francis}
}


@article{sebbane1990early,
	title={{Early Bronze and middle Bronze I board games in Canaan and the origin of the Egyptian senet game}},
	author={Sebbane, M.},
	journal={Eretz Israel},
	volume={21},
	pages={233--8},
	year={1990}
}


@book{huizinga2014homo,
	title={{Homo Ludens Ils 86}},
	author={Huizinga, J.},
	year={2014},
	publisher={Routledge}
}


@misc{soubeyrand2010royal,
	title={{The royal game of Ur}},
	author={Soubeyrand, C.},
	howpublished={\url{http://www.gamecabinet.com/history/Ur.html}},
	year={2010}
}



@book{bates2004game,
	title={{Game Design}},
	author={Bates, B.},
	year={2004},
	publisher={Premier Press}
}

@article{doherty2003software,
	title={A software architecture for games},
	author={Doherty, M.},
	journal={University of the Pacific Department of Computer Science Research and Project Journal (RAPJ)},
	volume={1},
	number={1},
	year={2003},
	publisher={Citeseer}
}
@book{nielson1999principles,
	title={Principles of program analysis},
	author={Nielson, F. and Nielson, H.R. and Hankin, C.},
	year={1999},
	publisher={Springer}
}




@book{schneider1997concurrent,
	title={On concurrent programming},
	author={Schneider, Fred B},
	year={1997},
	publisher={Springer}
}
@article{reynolds1987flocks,
	title={{Flocks, herds and schools: A distributed behavioral model}},
	author={Reynolds, C.W.},
	journal={ACM SIGGRAPH Computer Graphics},
	volume={21},
	number={4},
	pages={25--34},
	year={1987},
	publisher={ACM}
}


@book{strings2010backus,
	title={Backus-naur form (bnf)},
	author={McCracken, D.D. and Reilly, E.D.},
	year={2003},
	publisher={John Wiley and Sons Ltd.}
}

@book{klop1990term,
	title={Term rewriting systems},
	author={Klop, J.W. and De Vrijer, R.},
	year={1990},
	publisher={Centrum voor Wiskunde en Informatica}
}



@book{millington2009artificial,
	title={Artificial intelligence for games},
	author={Millington, I. and Funge, J.},
	year={2009},
	publisher={CRC Press}
}

@book{marlin1980coroutines,
	title={{Coroutines: A programming methodology, a language design and an implementation}},
	author={Marlin, C.D.},
	number={95},
	year={1980},
	publisher={Springer}
}


@book{gregory2009game,
	title={Game engine architecture},
	author={Gregory, J.},
	year={2009},
	publisher={CRC Press}
}

@article{abrash1997quake,
	title={{Quake's game engine: The big picture}},
	author={Abrash, M.},
	journal={Dr. Dobb's Journal},
	year={1997}
}
@book{gutschmidt2004game,
	title={{Game Programming with Python, Lua, and Ruby}},
	author={Gutschmidt, T.},
	year={2004},
	publisher={Premier Press}
}



@inproceedings{anderson2008case,
	title={The case for research in game engine architecture},
	author={Anderson, E.F. and Engel, S. and Comninos, P. and McLoughlin, L.},
	booktitle={Proceedings of the 2008 Conference on Future Play: Research, Play, Share},
	pages={228--231},
	year={2008},
	organization={ACM}
}


@book{huizinga1949homo,
	title={Homo ludens},
	author={Huizinga, J.},
	volume={3},
	year={1949},
	publisher={Taylor \& Francis}
}

@misc{GLOBAL:GAMES:INVESTMENT:REVIEW:2014,
	author = {Tim, M.},
	title = {Global games investment review 2014},
	year = {2014},
	howpublished = {\url{http://www.digi-capital.com/reports/}}
}



@misc{LUAgames,
	title = {Lua scripted video games},
	howpublished = {\url{http://en.wikipedia.org/wiki/Category:Lua-scripted_video_games}}
}

@misc{PYTHONgames,
	title = {Python scripted video games},
	howpublished = {\url{http://en.wikipedia.org/wiki/List_of_Python_software#Video_games}}
}


@book{bogost2007persuasive,
	title={{Persuasive games: The expressive power of videogames}},
	author={Bogost, I.},
	year={2007},
	publisher={{MIT Press}}
}
@book{michael2005serious,
	title={{Serious games: Games that educate, train, and inform}},
	author={Michael, D.R. and Chen, S.L.},
	year={2005},
	publisher={Muska \& Lipman/Premier-Trade}
}


@book{seriousgameslist,
	title={{Serious games: An overview}},
	author={Susi, T. and Johannesson, M. and Backlund, P.},
	year={2007},
	publisher={Institutionen f{\"o}r kommunikation och information}
}


@misc{JavaScriptgames,
	title = {JavaScript games and engines},
	howpublished = {\url{http://en.wikipedia.org/wiki/JavaScript}}
}

@misc{CSHARPgames,
	title = {C\# games and engines},
	howpublished = {\url{http://en.wikipedia.org/wiki/Mono_%28software%29}}
}

@misc {ESAreport,
	title = {{Essential Facts About the Computer and Video Game Industry 2011}},
	author = {Entertainment software association (esa)},
	year = {2011},
	howpublished = {\url{http://www.isfe.eu/sites/isfe.eu/files/attachments/esa_ef_2011.pdf}}
}
@misc{milner1989communication,
	title={{Communication and Concurrency. International series in computer science}},
	author={Milner, R.},
	year={1989},
	publisher={Prentice hall Englewood Cliffs}
}

@book{milner1999communicating,
	title={Communicating and mobile systems: the pi calculus},
	author={Milner, R.},
	year={1999},
	publisher={Cambridge university press}
}

@book{hillston2005compositional,
	title={A compositional approach to performance modelling},
	author={Hillston, J.},
	volume={12},
	year={2005},
	publisher={Cambridge University Press}
}

@article{viroli2004towards,
	title={Towards a formal foundation to orchestration languages},
	author={Viroli, M.},
	journal={Electronic notes in theoretical computer science},
	volume={105},
	pages={51--71},
	year={2004},
	publisher={Elsevier}
}
@article{misra2007computation,
	title={Computation orchestration},
	author={Misra, J. and Cook, W.R.},
	journal={Software \& Systems Modeling},
	volume={6},
	number={1},
	pages={83--110},
	year={2007},
	publisher={Springer}
}

@inproceedings{bilas2002data,
	title={A data-driven game object system},
	author={Bilas, S.},
	booktitle={Game Developers Conference Proceedings},
	year={2002}
}

@Inbook{maggiore2012designing,
	title={Designing Casanova: a language for games},
	author={Maggiore, G. and Span{\`o}, A. and Orsini, R. and Costantini, G. and Bugliesi, M. and Abbadi, M.},
	booktitle={Advances in Computer Games: 13th International Conference},
	pages={320--332},
	year={2012},
	publisher={Springer}
}


@misc{Postmortem:Mommy:Best:Games:Weapon:of:Choice,
	author = {Nathan, F.},
	title = {Postmortem: Mommy's Best Games' Weapon of Choice},
	year = {2009},
	howpublished = {\url{http://www.gamasutra.com/view/feature/132292/ postmortem\_mommys\_best\_games\_.php?page=2}}
}
@ONLINE{Most:Popular:Programming:Languages:of:2014,
	title = {Most Popular Programming Languages of 2014},
	month = February,
	year = {2014},
	url = {http://blog.codeeval.com/codeevalblog/2014\#.Uu\_KH3ewLhJ}
}
@inproceedings{dijkstra1979programming,
	title={Programming considered as a human activity},
	author={Dijkstra, Edsger},
	booktitle={Classics in software engineering},
	pages={1--9},
	year={1979},
	organization={Yourdon Press}
}
@misc{Unity3D,
	title = {{Unity 3D}},
	howpublished = {\url{https://unity3d.com/}}
}

@misc{GameMaker,
	title = {{GameMaker}},
	howpublished = {\url{http://www.immersiveeducation.eu/index.php/missionmakerm}}
}

@misc{MissionMaker,
	title = {{MissionMaker}},
	howpublished = {\url{https://www.yoyogames.com/studio}}
}

@misc{codeplexSource,
	title = {Casanova 2 performance evaluation and code comparison},
	howpublished = {\url{https://casanova.codeplex.com/wikipage?title=Casanova%20Performance%20Comparison}}
}
@article{zyda2005visual,
	title={From visual simulation to virtual reality to games},
	author={Zyda, M.},
	journal={Computer},
	volume={38},
	number={9},
	pages={25--32},
	year={2005},
	publisher={IEEE}
}
@article{sweetser2013teaching,
	title={Teaching games level design using the StarCraft II editor},
	author={Sweetser, P.},
	journal={Journal of Learning Design},
	volume={6},
	number={2},
	pages={12--25},
	year={2013},
	publisher={Queensland University of Technology}
}


@misc{sweeney1998unrealscript,
	title={{UnrealScript Language Reference}},
	author={Sweeney, T. and Hendriks, M.},
	howpublished = {\url{https://docs.unrealengine.com/udk/Three/UnrealScriptReference.html}}
}


@incollection{abbadi2015casanova,
	title={{Casanova: A Simple, High-Performance Language for Game Development}},
	author={Abbadi, M. and Di Giacomo, F. and Cortesi, A. and Spronck, P. and Costantini, G. and Maggiore, G.},
	booktitle={Serious Games},
	pages={123--134},
	year={2015},
	publisher={Springer}
}


@article{mernik2005and,
	title={When and how to develop domain-specific languages},
	author={Mernik, M. and Heering, J. and Sloane, A.M.},
	journal={ACM computing surveys (CSUR)},
	volume={37},
	number={4},
	pages={316--344},
	year={2005},
	publisher={ACM}
}



@book{fowler2010domain,
	title={Domain-specific languages},
	author={Fowler, M.},
	year={2010},
	publisher={Pearson Education}
}



@book{randolph2010professional,
	title={Professional visual studio 2010},
	author={Randolph, N. and Gardner, D. and Anderson, C. and Minutillo, M.},
	year={2010},
	publisher={John Wiley \& Sons}
}




@article{smith2009rapid,
	title={Rapid prototyping a virtual fire drill environment using computer game technology},
	author={Smith, S.P. and Trenholme, D.},
	journal={Fire safety journal},
	volume={44},
	number={4},
	pages={559--569},
	year={2009},
	publisher={Elsevier}
}


@article{lloyd2004torque,
	title={The torque game engine},
	author={Lloyd, J.},
	journal={Game Devel. Mag},
	volume={11},
	number={8},
	pages={8--9},
	year={2004}
}


@misc{streeting2010ogre,
	title={{OGRE-Open Source 3D Graphics Engine}},
	author={Streeting, S.},
	howpublished={\url{URL-http://www. ogre3d. org/Accessed}},
	year={2010}
}


@book{akinlaja2013love2d,
	title={{L{\"O}VE2d for Lua Game Programming}},
	author={Akinlaja, D.D.},
	year={2013},
	publisher={Packt Publishing Ltd}
}


@book{kusterer2013jmonkeyengine,
	title={{jMonkeyEngine 3.0 Beginnerâ€™s Guide}},
	author={Kusterer, R.},
	year={2013},
	publisher={Packt Publishing, Birmingham}
}


@book{sweigart2012making,
	title={{Making Games with Python \& Pygame}},
	author={Sweigart, A.},
	year={2012},
	publisher={CreateSpace}
}


@book{petzold2010microsoft,
	title={{Microsoft XNA Framework Edition: Programming for Windows Phone 7}},
	author={Petzold, Charles},
	year={2010},
	publisher={Microsoft Press}
}




@article{bishop1998designing,
	title={{Designing a PC game engine}},
	author={Bishop, L. and Eberly, D. and Whitted, T. and Finch, M. and Shantz, M.},
	journal={IEEE Computer Graphics and Applications},
	number={1},
	pages={46--53},
	year={1998},
	publisher={IEEE}
}



@inproceedings{chamillard2006introductory,
	title={Introductory game creation: no programming required},
	author={Chamillard, AT},
	booktitle={ACM SIGCSE Bulletin},
	volume={38},
	number={1},
	pages={515--519},
	year={2006},
	organization={ACM}
}


@book{darby2008awesome,
	title={{Awesome Game Creation: No Programming Required}},
	author={Darby, Jason},
	year={2008},
	publisher={Cengage Learning}
}


@book{luna2008introduction,
	title={{Introduction to 3D game programming with DirectX 10}},
	author={Luna, Frank},
	year={2008},
	publisher={Jones \& Bartlett Publishers}
}


@book{shreiner2009opengl,
	title={{OpenGL programming guide: the official guide to learning OpenGL, versions 3.0 and 3.1}},
	author={Shreiner, D. et al.},
	year={2009},
	publisher={Pearson Education}
}


@book{blum2007professional,
	title={{Professional Assembly language}},
	author={Blum, Richard},
	year={2007},
	publisher={John Wiley \& Sons}
}


@book{carter2007pc,
	title={{PC Assembly Language}},
	author={Carter, Paul A},
	year={2007},
	publisher={{Lulu.com}}
}

@article{furtado2006sharpludus,
	title={Sharpludus: improving game development experience through software factories and domain-specific languages},
	author={Furtado, A.W.B. and Santos, A.L.M.},
	journal={Universidade Federal de Pernambuco (UFPE) Mestrado em Ci{\^e}ncia da Computa{\c{c}}{\~a}o centro de Inform{\'a}tica (CIN)},
	year={2006},
	publisher={Citeseer}
}



@inproceedings{furtado2006using,
	title={Using domain-specific modeling towards computer games development industrialization},
	author={Furtado, A.W.B. and Santos, A.L.M.},
	booktitle={The 6th OOPSLA Workshop on Domain-Specific Modeling (DSM06)},
	year={2006},
	organization={Citeseer}
}



@book{kushner2004masters,
	title={{Masters of Doom: How two guys created an empire and transformed pop culture}},
	author={Kushner, D.},
	year={2004},
	publisher={Random House Incorporated}
}





@book{kent2010ultimate,
	title={{The Ultimate History of Video Games: from Pong to Pokemon and beyond... the story behind the craze that touched our li ves and changed the world}},
	author={Kent, S.},
	year={2010},
	publisher={Three Rivers Press}
}


@book{berens2008rough,
	title={The rough guide to videogames},
	author={Berens, K. and Howard, G.},
	year={2008},
	publisher={Rough Guides UK}
}



@book{morrison2004beginning,
	title={Beginning game programming},
	author={Morrison, M.},
	year={2004},
	publisher={Pearson Higher Education}
}



@article{ferguson2008video,
	title={{Video game development using XNA game studio and C\#. Net}},
	author={Ferguson, E. and Rockhold, B. and Heck, B.},
	journal={Journal of Computing Sciences in Colleges},
	volume={23},
	number={4},
	pages={186--188},
	year={2008},
	publisher={Consortium for Computing Sciences in Colleges}
}



@inproceedings{hastjarjanto2013dsl,
	title={{A DSL for describing the artificial intelligence in real-time video games}},
	author={Hastjarjanto, T. and Jeuring, J. and Leather, S.},
	booktitle={Proceedings of the 3rd International Workshop on Games and Software Engineering: Engineering Computer Games to Enable Positive, Progressive Change},
	pages={8--14},
	year={2013},
	organization={IEEE Press}
}



@book{maggiore2011friendly,
	title={{Friendly F\# (fun with game programming)}},
	author={Maggiore, G. and Costantini, G.},
	year={2011},
	publisher={Smashwords}
}


@incollection{mycroft2007programming,
	title={Programming language design and analysis motivated by hardware evolution},
	author={Mycroft, A.},
	booktitle={Static Analysis},
	pages={18--33},
	year={2007},
	publisher={Springer}
}



@inproceedings{mens2005challenges,
	title={Challenges in software evolution},
	author={Mens, T. and Wermelinger, M. and Ducasse, S. and Demeyer, S. and Hirschfeld, R. and Jazayeri, M.},
	booktitle={Principles of Software Evolution, Eighth International Workshop on},
	pages={13--22},
	year={2005},
	organization={IEEE}
}



@article{van2009programming,
	title={Programming paradigms for dummies: What every programmer should know},
	author={Van Roy, P. et al.},
	journal={New computational paradigms for computer music},
	volume={104},
	year={2009},
	publisher={IRCAM/Delatour France}
}



@inproceedings{hudlicka2009affective,
	title={Affective game engines: motivation and requirements},
	author={Hudlicka, E.},
	booktitle={Proceedings of the 4th international conference on foundations of digital games},
	pages={299--306},
	year={2009},
	organization={ACM}
}



@book{press2007numerical,
	title={{Numerical recipes 3rd edition: The art of scientific computing}},
	author={Press, W.H.},
	year={2007},
	publisher={Cambridge university press}
}



@article{steuer1992defining,
	title={{Defining virtual reality: Dimensions determining telepresence}},
	author={Steuer, J.},
	journal={Journal of communication},
	volume={42},
	number={4},
	pages={73--93},
	year={1992},
	publisher={Wiley Online Library}
}

@article{amory1999use,
	title={The use of computer games as an educational tool: identification of appropriate game types and game elements},
	author={{Amory, A. and Naicker, K. and Vincent, J. and Adams, C.}},
	journal={British Journal of Educational Technology},
	volume={30},
	number={4},
	pages={311--321},
	year={1999},
	publisher={Wiley Online Library}
}

@misc{fabricatore2007gameplay,
	title={Gameplay and game mechanics: a key to quality in videogames},
	author={Fabricatore, C.},
	howpublished={\url{http://www.oecd.org/edu/ceri/39414829.pdf}},
	year={2007}
}

@inproceedings{fojdl2008performance,
	title={The performance of approximating ordinary differential equations by neural nets},
	author={Fojdl, J.  and Brause, R.W.},
	booktitle={Tools with Artificial Intelligence, 2008. ICTAI'08. 20th IEEE International Conference on},
	volume={2},
	pages={457--464},
	year={2008},
	organization={IEEE}
}

@book{atkinson2008introduction,
	title={An introduction to numerical analysis},
	author={Atkinson, K.E.},
	year={2008},
	publisher={John Wiley \& Sons}
}

@book{butcher1987numerical,
	title={{The numerical analysis of ordinary differential equations: Runge-Kutta and general linear methods}},
	author={Butcher, J.C.},
	year={1987},
	publisher={Wiley-Interscience}
}

@inproceedings{reich2000simulation,
	title={Simulation of imprecise ordinary differential equations using evolutionary algorithms},
	author={Reich, C.},
	booktitle={Proceedings of the 2000 ACM symposium on Applied computing-Volume 1},
	pages={428--432},
	year={2000},
	organization={ACM}
}

@book{bancilhon1986naive,
	title={Naive evaluation of recursively defined relations},
	author={Bancilhon, F.},
	year={1986},
	publisher={Springer}
}




