@inproceedings{buro2004call,
  title={Call for AI research in RTS games},
  author={Buro, Michael},
  booktitle={Proceedings of the AAAI-04 Workshop on Challenges in Game AI},
  pages={139--142},
  year={2004}
}

@article{claypool2005effect,
  title={The effect of latency on user performance in real-time strategy games},
  author={Claypool, Mark},
  journal={Computer Networks},
  volume={49},
  number={1},
  pages={52--70},
  year={2005},
  publisher={Elsevier}
}

@inproceedings{claypool2006effects,
  title={The effects of frame rate and resolution on users playing first person shooter games},
  author={Claypool, Mark and Claypool, Kajal and Damaa, Feissal},
  booktitle={Electronic Imaging 2006},
  pages={607101--607101},
  year={2006},
  organization={International Society for Optics and Photonics}
}

@incollection{abbadi2014resource,
  title={Resource Entity Action: A Generalized Design Pattern for RTS games},
  author={Abbadi, Mohamed and Di Giacomo, Francesco and Orsini, Renzo and Plaat, Aske and Spronck, Pieter and Maggiore, Giuseppe},
  booktitle={Computers and Games},
  pages={244--256},
  year={2014},
  publisher={Springer}
}



@inproceedings{buro2003real,
  title={Real-time strategy games: A new AI research challenge},
  author={Buro, Michael},
  booktitle={IJCAI},
  pages={1534--1535},
  year={2003}
}

@inproceedings{sharma2007transfer,
  title={Transfer Learning in Real-Time Strategy Games Using Hybrid CBR/RL.},
  author={Sharma, Manu and Holmes, Michael P and Santamar{\'\i}a, Juan Carlos and Irani, Arya and Isbell Jr, Charles Lee and Ram, Ashwin},
  booktitle={IJCAI},
  volume={7},
  pages={1041--1046},
  year={2007}
}

@incollection{aha2005learning,
  title={Learning to win: Case-based plan selection in a real-time strategy game},
  author={Aha, David W and Molineaux, Matthew and Ponsen, Marc},
  booktitle={Case-based reasoning research and development},
  pages={5--20},
  year={2005},
  publisher={Springer}
}

@inproceedings{buro2005development,
  title={On the development of a free RTS game engine},
  author={Buro, Michael and Furtak, Timothy},
  booktitle={GameOnâ€™NA Conference},
  pages={23--27},
  year={2005},
  organization={Citeseer}
}

