@ARTICLE{MIN06,
  author = {Min\'e, A{.}},
  title = {The Octagon Abstract Domain},
  journal = {Higher-Order and Symbolic Computation},
  year = {2006},
  owner = {Pietro},
  timestamp = {2007.06.14}
}

@INPROCEEDINGS{CH78,
  author = {Cousot, P{.} and Halbwachs, N{.}},
  title = {Automatic discovery of linear restraints among variables of a program},
  booktitle = {Proceedings of POPL '78},
  year = {1978},
  publisher = {ACM Press}
}

@INCOLLECTION{COU98,
  author = {Cousot, P{.}},
  title = {The Calculational Design of a Generic Abstract Interpreter},
  booktitle = {Calculational System Design},
  publisher = {NATO ASI Series F. IOS Press, Amsterdam},
  year = {1999}
}

@inproceedings{LF08,
  author    = {Francesco Logozzo and
               Manuel F{\"a}hndrich},
  title     = {Pentagons: a weakly relational abstract domain for the efficient
               validation of array accesses},
  booktitle = {Proceedings of SAC '08},
  year      = {2008},
  pages     = {184-188},
  publisher = {ACM Press}

}

@inproceedings{F08,
  author    = {Pietro Ferrara and
               Francesco Logozzo and
               Manuel F{\"a}hndrich},
  title     = {Safer unsafe code for .NET},
  booktitle = {Proceedings of OOPSLA '08},
  year      = {2008},
  pages     = {329-346},
  publisher = {ACM Press}

}

@inproceedings{G12,
  author    = {Khalil Ghorbal and
               Franjo Ivancic and
               Gogul Balakrishnan and
               Naoto Maeda and
               Aarti Gupta},
  title     = {Donut Domains: Efficient Non-convex Domains for Abstract
               Interpretation},
  booktitle = {Proceedings of VMCAI '12},
  year      = {2012},
  pages     = {235-250},
  publisher = {Springer-Verlag}

}

@article{FR99,
  author    = {Gilberto Fil{\'e} and
               Francesco Ranzato},
  title     = {The Powerset Operator on Abstract Interpretations},
  journal   = {Theor. Comput. Sci.},
  volume    = {222},
  number    = {1-2},
  year      = {1999},
  pages     = {77-111},
}

@article{HMG06,
  author    = {Nicolas Halbwachs and
               David Merchat and
               Laure Gonnord},
  title     = {Some ways to reduce the space dimension in polyhedra computations},
  journal   = {Formal Methods in System Design},
  volume    = {29},
  number    = {1},
  year      = {2006},
  pages     = {79-95},
}

@inproceedings{SB13,
  author    = {Yassamine Seladji and
               Olivier Bouissou},
  title     = {Fixpoint Computation in the Polyhedra Abstract Domain Using
               Convex and Numerical Analysis Tools},
  booktitle = {Proceedings of VMCAI '08},
  year      = {2013},
  pages     = {149-168},

  publisher = {Springer-Verlag}
}

@inproceedings{SISG06,
  author    = {Sriram Sankaranarayanan and
               Franjo Ivancic and
               Ilya Shlyakhter and
               Aarti Gupta},
  title     = {Static Analysis in Disjunctive Numerical Domains},
  booktitle = {Proceedings of SAS '06},
  year      = {2006},
  pages     = {3-17},
  publisher = {Springer-Verlag}
}

@article{BHZ07,
  author    = {Roberto Bagnara and
               Patricia M. Hill and
               Enea Zaffanella},
  title     = {Widening operators for powerset domains},
  journal   = {STTT},
  volume    = {9},
  number    = {3-4},
  year      = {2007},
  pages     = {413-414},

}

@inproceedings{MR05,
  author    = {Laurent Mauborgne and
               Xavier Rival},
  title     = {Trace Partitioning in Abstract Interpretation Based Static
               Analyzers},
  booktitle = {Proceedings of ESOP '05},
  year      = {2005},
  pages     = {5-20},

  publisher = {Springer-Verlag}}

@book{E10,
  title={Game Physics},
  author={Eberly, D.H.},
  isbn={9780123749031},
  lccn={2009049828},
  series={Interactive 3D technology series},
  year={2010},
  publisher={Elsevier Science}
}
