@article{1_1,
 author = {Wadler, Philip},
 title = {How to declare an imperative},
 journal = {ACM Comput. Surv.},
 volume = {29},
 number = {3},
 year = {1997},
 issn = {0360-0300},
 pages = {240--263},
 doi = {http://doi.acm.org/10.1145/262009.262011},
 publisher = {ACM},
 address = {New York, NY, USA},
 }

@MISC{1_2,
    author = {Richard B. Kieburtz},
    title = {Taming Effects with Monadic Typing},
    year = {1999}
}

@INPROCEEDINGS{1_3,
    author = {Philip Wadler},
    title = {Comprehending Monads},
    booktitle = {Mathematical Structures in Computer Science},
    year = {1992},
    pages = {61--78}
}

@ARTICLE{1_4,
    author = {Eugenio Moggi},
    title = {Notions of Computation and Monads},
    journal = {Information and Computation},
    year = {1989},
    volume = {93},
    pages = {55--92}
}

@MISC{1_5,
    author = {Philip Wadler and Peter Thiemann},
    title = {The Marriage of Effects and Monads},
    year = {1998}
}

@MISC{1_6,
    author = {Graham Hutton and Erik Meijer},
    title = {Monadic Parsing in Haskell},
    year = {1993}
}

@INPROCEEDINGS{1_7,
    author = {Robert Atkey},
    title = {Parameterised notions of computation},
    booktitle = {In MSFP 2006: Workshop on mathematically structured functional programming, ed. Conor McBride and Tarmo Uustalu. Electronic Workshops in Computing, British Computer Society},
    year = {2006},
    pages = {31--45}
}

@MISC{2_1,
    author = {James Cheney and Ralf Hinze},
    title = {Phantom Types},
    year = {2003}
}

@TECHREPORT{2_2,
    author = {James Cheney and Ralf Hinze},
    title = {First-class phantom types},
    institution = {Cornell University},
    year = {2003}
}

@inbook{2_3,
    author = {Hinze, Ralf},
    booktitle = {The Fun of Programming},
    citeulike-article-id = {4234989},
    editor = {Gibbons, Jeremy and de Moor, Oege},
    keywords = {generic-programming, types, types-gadt, types-phantom},
    pages = {245--262},
    posted-at = {2009-03-29 12:35:33},
    priority = {0},
    publisher = {Palgrave Macmillan},
    title = {{Fun with phantom types}},
    year = {2003}
}

@MISC{3_1,
    author = {Oleg Kiselyov and Simon Peyton and Jones Chung-chieh Shan},
    title = {Fun with type functions Version 2},
    year = {2009}
}

@INPROCEEDINGS{3_2,
    author = {Manuel M. T. Chakravarty and Gabriele Keller and Simon Peyton Jones and Simon Marlow},
    title = {Associated Types with Class},
    booktitle = {In POPL '05: Proceedings of the 32nd ACM SIGPLAN-SIGACT symposium on Principles of programming languages},
    year = {2005},
    pages = {1--13},
    publisher = {ACM Press}
}

@MISC{3_3,
    author = {Mark P. Jones},
    title = {Functional Programming with Overloading and Higher-Order Polymorphism},
    year = {1995}
}

@INPROCEEDINGS{3_4,
    author = {Mark P. Jones},
    title = {Type classes with functional dependencies},
    booktitle = {ESOP/ETA (LNCS)},
    year = {2000},
    pages = {230--244},
    publisher = {Springer-Verlag}
}

@MISC{3_5,
    author = {Jacques Carette and Oleg Kiselyov and Chung-chieh Shan},
    title = {Finally Tagless, Partially Evaluated - Tagless Staged Interpreters for Simpler Typed Languages},
    year = {}
}

@INPROCEEDINGS{4_1,
    author = {Oleg Kiselyov},
    title = {Strongly typed heterogeneous collections},
    booktitle = {In Haskell '04: Proceedings of the ACM SIGPLAN workshop on Haskell},
    year = {2004},
    pages = {96--107},
    publisher = {ACM Press}
}

@inproceedings{4_2,
 author = {Jeltsch, Wolfgang},
 title = {Generic record combinators with static type checking},
 booktitle = {Proceedings of the 12th international ACM SIGPLAN symposium on Principles and practice of declarative programming},
 series = {PPDP '10},
 year = {2010},
 isbn = {978-1-4503-0132-9},
 location = {Hagenberg, Austria},
 pages = {143--154},
 numpages = {12},
 url = {http://doi.acm.org/10.1145/1836089.1836108},
 doi = {http://doi.acm.org/10.1145/1836089.1836108},
 acmid = {1836108},
 publisher = {ACM},
 address = {New York, NY, USA},
 keywords = {closed classes, generic programming, higher-rank polymorphism, induction, type equality, type families, type-level programming, type-level reification},
} 

@inproceedings{5_1,
 author = {Kiselyov, Oleg and Shan, Chung-chieh},
 title = {Lightweight monadic regions},
 booktitle = {Proceedings of the first ACM SIGPLAN symposium on Haskell},
 series = {Haskell '08},
 year = {2008},
 isbn = {978-1-60558-064-7},
 location = {Victoria, BC, Canada},
 pages = {1--12},
 numpages = {12},
 url = {http://doi.acm.org/10.1145/1411286.1411288},
 doi = {http://doi.acm.org/10.1145/1411286.1411288},
 acmid = {1411288},
 publisher = {ACM},
 address = {New York, NY, USA},
 keywords = {effect systems, monads, parametric polymorphism, regions, resource management, subtyping, type classes, type systems},
} 

@INPROCEEDINGS{5_2,
    author = {Oleg Kiselyov and Chung-chieh Shan},
    title = {Position: Lightweight Static Resources: Sexy types for embedded and systems programming},
    booktitle = {In TFP '07, the 8 th Symposium on Trends in Functional Programming},
    year = {2007}
}

@MISC{5_3,
    author = {Oleg Kiselyov and Chung-chieh Shan},
    title = {Lightweight static capabilities},
    year = {2006}
}

@inproceedings{5_4,
 author = {Diatchki, Iavor S. and Jones, Mark P.},
 title = {Strongly typed memory areas: programming systems-level data structures in a functional language},
 booktitle = {Proceedings of the 2006 ACM SIGPLAN workshop on Haskell},
 series = {Haskell '06},
 year = {2006},
 isbn = {1-59593-489-8},
 location = {Portland, Oregon, USA},
 pages = {72--83},
 numpages = {12},
 url = {http://doi.acm.org/10.1145/1159842.1159851},
 doi = {http://doi.acm.org/10.1145/1159842.1159851},
 acmid = {1159851},
 publisher = {ACM},
 address = {New York, NY, USA},
 keywords = {data representation, improvement, memory areas, memory manipulation, qualified types, systems programming},
} 

@MISC{6_1,
    author = {Alexey Rodriguez and Johan Jeuring and Patrik Jansson and Alex Gerdes and Bruno C. D. S. Oliveira and Alexey Rodriguez and Alex Gerdes},
    title = {Comparing Libraries for Generic Programming in Haskell},
    year = {}
}

@INPROCEEDINGS{6_2,
    author = {Patrik Jansson and Johan Jeuring},
    title = {PolyP - a polytypic programming language extension},
    booktitle = {POPL'97: The 24th ACM SIGPLAN-SIGACT Symposium on Principles of Programming Languages},
    year = {1997},
    pages = {470--482},
    publisher = {ACM Press}
}

@INPROCEEDINGS{6_3,
	author = {Ralf Lämmel and Simon Peyton Jones},
	title = {Scrap your boilerplate: a practical approach to generic programming},
	booktitle = {In ACM SIGPLAN International Workshop on Types in Language Design and Implementation},
	year = {2003},
	pages = {26--37},
	publisher = {ACM Press}
}
@INPROCEEDINGS{6_4,
    author = {Ralf Lämmel and Joost Visser},
    title = {Typed Combinators for Generic Traversal},
    booktitle = {Proc. of PADL 2002},
    year = {2002},
    pages = {137--154},
    publisher = {Springer-Verlag}
}

@INPROCEEDINGS{6_5,
	author = {Ralf Hinze},
	title = {Generics for the masses},
	booktitle = {In ICFP â€™04: Proceedings of the ninth ACM SIGPLAN international conference on Functional programming},
	year = {2004},
	pages = {236--243},
	publisher = {ACM Press}
}

@INPROCEEDINGS{6_6,
	author = {D Clarke and A Löh},
	title = {Generic Haskell, Specifically},
	booktitle = {Generic Programming. Proceedings of the IFIP TC2 Working Conference on Generic Programming, Schloss Dagstuhl},
	year = {2003},
	pages = {1-4020},
	publisher = {Kluwer Academic Publishers. ISBN}
}
@inproceedings{6_7,
 author = {Sheard, Tim and Jones, Simon Peyton},
 title = {Template meta-programming for Haskell},
 booktitle = {Haskell '02: Proceedings of the 2002 ACM SIGPLAN workshop on Haskell},
 year = {2002},
 isbn = {1-58113-605-6},
 pages = {1--16},
 location = {Pittsburgh, Pennsylvania},
 doi = {http://doi.acm.org/10.1145/581690.581691},
 publisher = {ACM},
 address = {New York, NY, USA},
 }

@MISC{6_8,
    author = {Ian Lynagh Programming and Ian Lynagh},
    title = {Template Haskell: A Report From The Field},
    year = {2003}
}

@INPROCEEDINGS{6_9,
    author = {Ralf Hinze and Johan Jeuring and Andres Löh},
    title = {Type-Indexed Data Types},
    booktitle = {SCIENCE OF COMPUTER PROGRAMMING},
    year = {2004},
    pages = {148--174},
    publisher = {}
}

@inproceedings{7_1,
 author = {Hudak, Paul},
 title = {A semantic model of reference counting and its abstraction (detailed summary)},
 booktitle = {Proceedings of the 1986 ACM conference on LISP and functional programming},
 series = {LFP '86},
 year = {1986},
 isbn = {0-89791-200-4              0-89791-200-4      },
 location = {Cambridge, Massachusetts, United States},
 pages = {351--363},
 numpages = {13},
 url = {http://doi.acm.org/10.1145/319838.319876},
 doi = {http://doi.acm.org/10.1145/319838.319876},
 acmid = {319876},
 publisher = {ACM},
 address = {New York, NY, USA},
} 

@inproceedings{7_2,
 author = {Joisha, Pramod G.},
 title = {A principled approach to nondeferred reference-counting garbage collection},
 booktitle = {Proceedings of the fourth ACM SIGPLAN/SIGOPS international conference on Virtual execution environments},
 series = {VEE '08},
 year = {2008},
 isbn = {978-1-59593-796-4},
 location = {Seattle, WA, USA},
 pages = {131--140},
 numpages = {10},
 url = {http://doi.acm.org/10.1145/1346256.1346275},
 doi = {http://doi.acm.org/10.1145/1346256.1346275},
 acmid = {1346275},
 publisher = {ACM},
 address = {New York, NY, USA},
 keywords = {instrumentation, reference counting, static analysis},
} 

@inproceedings{7_3,
 author = {Joisha, Pramod G.},
 title = {Compiler optimizations for nondeferred reference: counting garbage collection},
 booktitle = {Proceedings of the 5th international symposium on Memory management},
 series = {ISMM '06},
 year = {2006},
 isbn = {1-59593-221-6},
 location = {Ottawa, Ontario, Canada},
 pages = {150--161},
 numpages = {12},
 url = {http://doi.acm.org/10.1145/1133956.1133976},
 doi = {http://doi.acm.org/10.1145/1133956.1133976},
 acmid = {1133976},
 publisher = {ACM},
 address = {New York, NY, USA},
 keywords = {reference counting, static analyses},
} 

@article{7_4,
 author = {Baker, Henry G.},
 title = {Minimizing reference count updating with deferred and anchored pointers for functional data structures},
 journal = {SIGPLAN Not.},
 volume = {29},
 issue = {9},
 month = {September},
 year = {1994},
 issn = {0362-1340},
 pages = {38--43},
 numpages = {6},
 url = {http://doi.acm.org/10.1145/185009.185016},
 doi = {http://doi.acm.org/10.1145/185009.185016},
 acmid = {185016},
 publisher = {ACM},
 address = {New York, NY, USA},
} 

@INPROCEEDINGS{7_5,
    author = {David F. Bacon and Clement R. Attanasio and Han B. Lee and V.T. Rajan and Stephen Smith},
    title = {Java without the Coffee Breaks: A Nonintrusive Multiprocessor Garbage Collector},
    booktitle = {In Proceedings of the ACM SIGPLAN Conference on Programming Language Design and Implementation (PLDI) (Snowbird},
    year = {2001},
    pages = {92--103},
    publisher = {ACM Press}
}

@ARTICLE{7_6,
	author = {T W Christopher},
	title = {Reference count garbage collection},
	journal = {Software Practice and Experience},
	year = {1984},
	number = {14}
}

@MISC{7_7,
    author = {Henry G. Baker},
    title = {CONS Should Not CONS Its Arguments, Part II: Cheney on the M.T.A.},
    year = {1994}
}

@ARTICLE{8_1,
	author = {M Fluet and G Morrisett},
	title = {Monadic regions},
	journal = {Journal of Functional Programming},
	year = {2006}
}

@INPROCEEDINGS{8_2,
	author = {Philip Wadler},
	title = {Monads for functional programming},
	booktitle = {Advanced Functional Programming, Proceedings of the Bastad Spring School, number 925 in Lecture Notes in Computer Science},
	year = {1995},
	publisher = {Springer-Verlag}
}

@INPROCEEDINGS{8_3,
	author = {M Fluet and G Morrisett and A Ahmed},
	title = {Linear regions are all you need},
	booktitle = {In Programming Languages and Systems, ESOP 2006, volume 3924 of LNCS},
	year = {2006},
	publisher = {Springer}
}

@TECHREPORT{8_4,
	author = {M Fähndrich and R DeLine},
	title = {Adoption and Focus: Practical linear types for imperative programming},
	institution = {},
	year = {2002}
}

@INPROCEEDINGS{8_5,
	author = {Philip Wadler},
	title = {Linear types can change the world},
	booktitle = {Progarmming Concepts and Methods, Sea of Galilee},
	year = {1990}
}

@INPROCEEDINGS{8_6,
	author = {Karl Crary and David Walker and Greg Morrisett},
	title = {Typed memory management in a calculus of capabilities},
	booktitle = {In ACM Symposium on Principles of Programming Languages (POPL},
	year = {1999},
	pages = {262--275}
}

@MISC{8_7,
    author = {Mads Tofte and Jean-Pierre Talpin},
    title = {Region-Based Memory Management},
    year = {1997}
}

@INPROCEEDINGS{8_8,
    author = {David Walker and Kevin Watkins},
    title = {On Regions and Linear Types (Extended Abstract)},
    booktitle = {In Proceedings of the sixth ACM SIGPLAN international conference on Functional programming},
    year = {2001},
    pages = {181--192},
    publisher = {ACM Press}
}

@MISC{9_1,
    author = {Sean Lee and Vinod Grover and Manuel M. T. Chakravarty and Gabriele Keller},
    title = {GPU Kernels as Data-Parallel Array Computations in Haskell},
    year = {2009}
}

@inproceedings{9_2,
  author = {Koen Claessen and Mary Sheeran and Joel Svensson},
  title = {Obsidian: GPU Programming in Haskell},
  booktitle = {DCC},
  year = {2008},
  keywords = {GPGPU, Obsidian, DSL},
  url = {http://www.cse.chalmers.se/~joels/writing/dccpaper_obsidian.pdf},
  infourl = {http://www.cse.chalmers.se/~joels/},
  comment = {slides available}
  }
