@article{BETTER_SCRIPTS_GAMES,
 author = {White, Walker and Koch, Christoph and Gehrke, Johannes and Demers, Alan},
 title = {Better Scripts, Better Games},
 journal = {Queue},
 issue_date = {November/December 2008},
 volume = {6},
 issue = {7},
 month = {November},
 year = {2008},
 issn = {1542-7730},
 pages = {18--25},
 numpages = {8},
 url = {http://doi.acm.org/10.1145/1483101.1483106},
 doi = {http://doi.acm.org/10.1145/1483101.1483106},
 acmid = {1483106},
 publisher = {ACM},
 address = {New York, NY, USA},
} 

@misc{XNA,
  author = {},
  title = {The XNA Framework},
  howpublished = {http://msdn.microsoft.com/xna}
}

@INPROCEEDINGS{COMPR_MON,
    author = {Philip Wadler},
    title = {Comprehending Monads},
    booktitle = {Mathematical Structures in Computer Science},
    year = {1992},
    pages = {61--78}
}

@ARTICLE{MOGGI_MON,
    author = {Eugenio Moggi},
    title = {Notions of Computation and Monads},
    journal = {Information and Computation},
    year = {1989},
    volume = {93},
    pages = {55--92}
}


@inproceedings{X3D,
 author = {Daly, Leonard and Brutzman, Don},
 title = {X3D: extensible 3D graphics standard},
 booktitle = {ACM SIGGRAPH ASIA 2008 courses},
 series = {SIGGRAPH Asia '08},
 year = {2008},
 location = {Singapore},
 pages = {22:1--22:6},
 articleno = {22},
 numpages = {6},
 url = {http://doi.acm.org/10.1145/1508044.1508066},
 doi = {http://doi.acm.org/10.1145/1508044.1508066},
 acmid = {1508066},
 publisher = {ACM},
 address = {New York, NY, USA},
} 


@misc{ESA,
	Howpublished = {http://www.theesa.com},
	Title = {Entertainment Software Association}

@misc{SCRIPTING_LUA,
	Howpublished = {http://en.wikipedia.org/wiki/Category:Lua-scripted\_video\_games},
	Title = {Games using LUA as a scripting language}}

@misc{UNITY_YIELD,
	Howpublished = {http://unity3d.com/support/ documentation/ScriptReference/index.Coroutines\_26\_Yield.html},
	Title = {Scripting in Unity}}

@misc{SCRIPTING_PYTHON,
	Author = {Dawson, Bruce},
	Howpublished = {http:// www.gamasutra.com/features/ 20020821/dawson\_ pfv.htm},
	Month = August,
	Note = {Game Developers Conference Proceedings},
	Title = {Game scripting in Python},
	Year = {2002}}

@misc{LISP_SCRIPTS,
	Author = {Liebgold, Dan},
	Howpublished = {http://www.naughtydog.com/docs/Naughty-Dog-GDC08-Adventures-In-Data-Compilation.pdf},
	Month = August,
	Title = {Adventures in Data Compilation},
	Year = {2010}}

@inproceedings{SCALING_GAMES,
	Acmid = {1247486},
	Address = {New York, NY, USA},
	Author = {White, Walker and Demers, Alan and Koch, Christoph and Gehrke, Johannes and Rajagopalan, Rajmohan},
	Booktitle = {Proceedings of the 2007 ACM SIGMOD international conference on Management of data},
	Doi = {http://doi.acm.org/10.1145/1247480.1247486},
	Isbn = {978-1-59593-686-8},
	Keywords = {aggregates, games, indexing, scripting},
	Location = {Beijing, China},
	Numpages = {12},
	Pages = {31--42},
	Publisher = {ACM},
	Series = {SIGMOD '07},
	Title = {Scaling games to epic proportions},
	Url = {http://doi.acm.org/10.1145/1247480.1247486},
	Year = {2007},
	Bdsk-Url-1 = {http://doi.acm.org/10.1145/1247480.1247486}}

@article{LUA_COROUTINES,
	Author = {de Moura, Ana L. and Rodriguez, Noemi and Ierusalimschy, Roberto},
	Citeulike-Article-Id = {2924027},
	Citeulike-Linkout-0 = {http://citeseer.ist.psu.edu/694109.html},
	Journal = {Journal of Universal Computer Science},
	Keywords = {algorithms, concurrency-control, cplusplus, database, distributed, multithreading, performance, realtime, software-engineering, throughput},
	Month = jul,
	Number = {7},
	Pages = {910--925},
	Posted-At = {2008-06-24 18:16:13},
	Priority = {0},
	Title = {{Coroutines in Lua}},
	Url = {http://citeseer.ist.psu.edu/694109.html},
	Volume = {10},
	Year = {2004},
	Bdsk-Url-1 = {http://citeseer.ist.psu.edu/694109.html}}

@misc{PYTHON_COROUTINES,
	Author = {Van Rossum, Guido and Eby J., Phillip},
	Howpublished = {http://www.python.org/dev/peps/pep-0342/},
	Month = August,
	Title = {PEP 342 - Coroutines via Enhanced Generators},
	Year = {2010}}

@inproceedings{GPU_GEMS_6,
	Author = {L. H. de Figueiredo and W. Celes and R. Ierusalimschy},
	Booktitle = {Game Programming Gems 6},
	Pages = {357--369},
	Title = {Programming advanced control mechanisms with Lua coroutines},
	Year = {2006}}

@misc{UNREALSCRIPT_LATENT_FUNCTIONS,
	Howpublished = {http://unreal.epicgames.com/UnrealScript.htm},
	Title = {UnrealScript documentation}}

@inproceedings{XJ3D,
 author = {Hudson, Alan D. and Couch, Justin and Matsuba, Stephen N.},
 title = {The Xj3D browser: community-based 3D software development},
 booktitle = {ACM SIGGRAPH 2002 conference abstracts and applications},
 series = {SIGGRAPH '02},
 year = {2002},
 isbn = {1-58113-525-4},
 location = {San Antonio, Texas},
 pages = {327--327},
 numpages = {1},
 url = {http://doi.acm.org/10.1145/1242073.1242335},
 doi = {http://doi.acm.org/10.1145/1242073.1242335},
 acmid = {1242335},
 publisher = {ACM},
 address = {New York, NY, USA},
} 

@misc{Irrlicht,
	Howpublished = {http://irrlicht.sourceforge.net},
	Title = {Irrlicht Engine}}

@misc{Ogre,
	Howpublished = {http://www.ogre3d.org},
	Title = {Ogre Engine}}

@book{DDG,
 author = {Deloura, Mark.},
 title = {Game Programming Gems},
 year = {2000},
 isbn = {1584500492},
 publisher = {Charles River Media, Inc.},
 address = {Rockland, MA, USA},
}
 
@INPROCEEDINGS{LIN_TYPES,
    author = {Philip Wadler},
    title = {Linear Types Can Change the World!},
    booktitle = {PROGRAMMING CONCEPTS AND METHODS},
    year = {1990},
    publisher = {North}
}

@book{DATAFLOW_ANALYSIS,
 author = {Nielson, Flemming and Nielson, Hanne R. and Hankin, Chris},
 title = {Principles of Program Analysis},
 year = {1999},
 isbn = {3540654100},
 publisher = {Springer-Verlag New York, Inc.},
 address = {Secaucus, NJ, USA},
} 

@book{QUERY_OPT,
author = {Hector Garcia-molina and Jeffrey D. Ullman and Jennifer Widom},
title = {Database System Implementation},
year = {2000},
masid = {695207}
}

@book{GAME_OPT,
    author = {Buckland, Mat},
    day = {30},
    edition = {1},
    howpublished = {Paperback},
    isbn = {1556220782},
    keywords = {gamedesign},
    month = sep,
    posted-at = {2007-01-23 11:23:52},
    priority = {2},
    publisher = {Jones \& Bartlett Publishers},
    title = {Programming Game {AI} by Example},
    url = {http://www.amazon.com/exec/obidos/redirect?tag=citeulike07-20\&path=ASIN/1556220782},
    year = {2004}
}

@article{FRP,
 author = {Elliott, Conal and Hudak, Paul},
 title = {Functional reactive animation},
 journal = {SIGPLAN Not.},
 volume = {32},
 issue = {8},
 month = {August},
 year = {1997},
 issn = {0362-1340},
 pages = {263--273},
 numpages = {11},
 url = {http://doi.acm.org/10.1145/258949.258973},
 doi = {http://doi.acm.org/10.1145/258949.258973},
 acmid = {258973},
 publisher = {ACM},
 address = {New York, NY, USA},
} 
	
@techreport{CASANOVA_TR,
 author = {Maggiore, Giuseppe and Orsini, Renzo and Bugliesi, Michele},
 title = {Casanova: a declarative language for safe games},
 institution = {Ca' Foscari - DAIS},
 number = {2011-7},
 Month = August,
 Year = {2011},
 howpublished = {http://www.unive.it/nqcontent.cfm?a\_id=85300}
}

@inproceedings{FSHARP,
 author = {Hoban, Luke},
 title = {F\#: embracing functional programming in Visual Studio 2010},
 booktitle = {ACM SIGPLAN Commercial Users of Functional Programming},
 series = {CUFP '10},
 year = {2010},
 isbn = {978-1-4503-0516-7},
 location = {Baltimore, Maryland},
 pages = {7:1--7:1},
 articleno = {7},
 numpages = {1},
 url = {http://doi.acm.org/10.1145/1900160.1900169},
 doi = {http://doi.acm.org/10.1145/1900160.1900169},
 acmid = {1900169},
 publisher = {ACM},
 address = {New York, NY, USA},
} 
@misc{DUNGEON_SIEGE,
	Howpublished = {http://scottbilas.com/files/2002/gdc_san_jose/game_objects_paper.html},
	Author = {Scott Bilas}
	Title = {A Data-Driven Game Object System}}

@misc{AOE,
	Howpublished = {http://www.gamasutra.com/view/feature/3136/profiling\_data\_analysis\_.php},
	Author = {Marselas, Herb},
	Title = {Profiling, Data Analysis, Scalability, and Magic Numbers, Part 2: Using Scalable Features and Conquering the Seven Deadly Performance Sins}}

@book{GAME_OO_HIERARCHY,
 author = {Gold, Julian},
 title = {Object-Oriented Game Development},
 year = {2004},
 isbn = {032117660X},
 publisher = {Pearson Addison Wesley},
}
 
@misc{UNREAL_ENGINE,
	Howpublished = {http://www.unrealengine.com/},
	Title = {Unreal Engine}}

@book{PHYSICS_ENGINE,
 author = {Millington, Ian},
 title = {Game Physics Engine Development (The Morgan Kaufmann Series in Interactive 3D Technology)},
 year = {2007},
 isbn = {012369471X},
 publisher = {Morgan Kaufmann Publishers Inc.},
 address = {San Francisco, CA, USA},
} 

@misc{X3D_TR,
	Howpublished = {http://www.dais.unive.it/\~gmaggior/x3d_tr.pdf},
	author = {Maggiore, Giuseppe and Orsini, Renzo and Bugliesi, Michele and Abbadi, Mohamed}
	Title = {Safety and Performance in X3D: Technical Report}}

@misc{XNA_SAMPLES,
	Howpublished = {http://create.msdn.com/education/catalog/sample/spacewar},
	Title = {XNA Spacewar 4}}

@book{COROUTINES,
 author = {Knuth, Donald E.},
 title = {The art of computer programming, volume 1 (3rd ed.): fundamental algorithms},
 year = {1997},
 isbn = {0-201-89683-4},
 publisher = {Addison Wesley Longman Publishing Co., Inc.},
 address = {Redwood City, CA, USA},
}  

@misc{HASKELL_COMPREHENSIONS,
	Howpublished = {http://www.haskell.org/haskellwiki/List\_comprehension},
	Title = {Haskell List Comprehensions}}

@misc{EVOLVE_HIERARCHY,
	Howpublished = {http://cowboyprogramming.com/2007/01/05/evolve-your-heirachy},
	Title = {Evolve your Hierarchy}}

@inproceedings{COMPONENTS1,
 author = {Folmer, Eelke},
 title = {Component based game development: a solution to escalating costs and expanding deadlines?},
 booktitle = {Proceedings of the 10th international conference on Component-based software engineering},
 series = {CBSE'07},
 year = {2007},
 isbn = {978-3-540-73550-2},
 location = {Medford, MA, USA},
 pages = {66--73},
 numpages = {8},
 url = {http://portal.acm.org/citation.cfm?id=1770657.1770663},
 acmid = {1770663},
 publisher = {Springer-Verlag},
 address = {Berlin, Heidelberg},
 keywords = {COTS, game architectures, games},
} 

@misc{COMPONENTS2,
	Howpublished = {Master's Thesis},
	Author = {Plummer, Jeff},
	Title = {A Flexible And Expandable Architecture For Computer Games}}

@INPROCEEDINGS{COMPONENTS3,
    author = {Michael Haller Fh and Michael Haller and Werner Hartmann},
    title = {A Software Architecture for Games},
    booktitle = {University of the Pacific Department of Computer Science Research and Project Journal},
    year = {2003},
}

@INPROCEEDINGS{COMPONENTS4,
    author = {Michael Haller Fh and Michael Haller and Werner Hartmann},
    title = {A Generic Framework for Game Development},
    booktitle = {In Proceedings of the ACM SIGGRAPH and Eurographics Campfire},
    year = {2002},
    pages = {3--8322}
}

@article{COMPONENTS5,
 author = {Passos, Erick B. and Sousa, Jonhnny Weslley S. and Clua, Esteban Walter Gonzales and Montenegro, Anselmo and Murta, Leonardo},
 title = {Smart composition of game objects using dependency injection},
 journal = {Comput. Entertain.},
 issue_date = {December 2009},
 volume = {7},
 issue = {4},
 month = {January},
 year = {2010},
 issn = {1544-3574},
 pages = {53:1--53:15},
 articleno = {53},
 numpages = {15},
 url = {http://doi.acm.org/10.1145/1658866.1658872},
 doi = {http://doi.acm.org/10.1145/1658866.1658872},
 acmid = {1658872},
 publisher = {ACM},
 address = {New York, NY, USA},
 keywords = {Component-based architecture, dependency-injection, design-patterns},
} 

@misc{GAMEOBJECTS,
	Howpublished = {http://gamearchitect.net/Articles/GameObjects1.html},
	Title = {Inheritance vs Aggregation in Game Objects}}

@misc{CASANOVA_CODEPLEX,
	Howpublished = {casanova.codeplex.com/},
	Title = {Casanova Project Page}}

@misc{XBOX_GC,
	Howpublished = {http://blogs.msdn.com/b/shawnhar/archive/2007/06/29/how-to-tell-if-your-xbox-garbage-collection-is-too-slow.aspx},
	Title = {Slow Garbage Collection on the Xbox}}

@article{OO_GAME_DEV,
 author = {Ampatzoglou, Apostolos and Chatzigeorgiou, Alexander},
 title = {Evaluation of object-oriented design patterns in game development},
 journal = {Inf. Softw. Technol.},
 volume = {49},
 issue = {5},
 month = {May},
 year = {2007},
 issn = {0950-5849},
 pages = {445--454},
 numpages = {10},
 url = {http://dl.acm.org/citation.cfm?id=1230152.1230366},
 doi = {10.1016/j.infsof.2006.07.003},
 acmid = {1230366},
 publisher = {Butterworth-Heinemann},
 address = {Newton, MA, USA},
 keywords = {Design patterns, Game development, Software evaluation, Software metrics},
} 

@BOOK{FRIENDLY_FSHARP,
   author = {Maggiore, Giuseppe and Costantini, Giulia},
   title= {Friendly F\# (fun with game programming)},
   publisher = {Smashwords},
   isbn = {978-1-4657-5005-1}
   year = {2011}
   }
