@article{doherty2003software,
  title={A software architecture for games},
  author={Doherty, Michael},
  journal={University of the Pacific Department of Computer Science Research and Project Journal (RAPJ)},
  volume={1},
  number={1},
  year={2003},
  publisher={Citeseer}
}
@book{nielson1999principles,
  title={Principles of program analysis},
  author={Nielson, Flemming and Nielson, Hanne R and Hankin, Chris},
  year={1999},
  publisher={Springer}
}


@book{schneider1997concurrent,
  title={On concurrent programming},
  author={Schneider, Fred B},
  year={1997},
  publisher={Springer}
}
@article{reynolds1987flocks,
  title={Flocks, herds and schools: A distributed behavioral model},
  author={Reynolds, Craig W},
  journal={ACM SIGGRAPH Computer Graphics},
  volume={21},
  number={4},
  pages={25--34},
  year={1987},
  publisher={ACM}
}


@article{strings2010backus,
  title={Backus-Naur Form},
  author={Strings, Lists},
  journal={Formal Languages syntax and semantics Backus-Naur Form 2 Strings, Lists, and Tuples composite data types},
  year={2010}
}

@book{klop1990term,
  title={Term rewriting systems},
  author={Klop, Jan Willem and De Vrijer, RC},
  year={1990},
  publisher={Centrum voor Wiskunde en Informatica}
}



@book{millington2009artificial,
  title={Artificial intelligence for games},
  author={Millington, Ian and Funge, John},
  year={2009},
  publisher={CRC Press}
}

@book{marlin1980coroutines,
  title={Coroutines: A programming methodology, a language design and an implementation},
  author={Marlin, Christopher D},
  number={95},
  year={1980},
  publisher={Springer}
}


@book{gregory2009game,
  title={Game engine architecture},
  author={Gregory, Jason},
  year={2009},
  publisher={CRC Press}
}

@article{abrash1997quake,
  title={Quake's game engine: The big picture},
  author={Abrash, M},
  journal={Dr. Dobb's Journal},
  year={1997}
}
@book{gutschmidt2004game,
  title={Game Programming with Python, Lua, and Ruby},
  author={Gutschmidt, Tom},
  year={2004},
  publisher={Premier Press}
}



@inproceedings{anderson2008case,
  title={The case for research in game engine architecture},
  author={Anderson, Eike Falk and Engel, Steffen and Comninos, Peter and McLoughlin, Leigh},
  booktitle={Proceedings of the 2008 Conference on Future Play: Research, Play, Share},
  pages={228--231},
  year={2008},
  organization={ACM}
}


@book{huizinga1949homo,
  title={Homo ludens},
  author={Huizinga, Johan},
  volume={3},
  year={1949},
  publisher={Taylor \& Francis}
}

@MISC{GLOBAL:GAMES:INVESTMENT:REVIEW:2014,
 author = {Tim, Merel},
 title = {Global games investment review 2014},
 month = January,
 year = {2014},
 howpublished = {\url{http://www.digi-capital.com/reports/}}
}



@MISC{LUAgames,
 title = {Lua scripted video games},
 howpublished = {\url{http://en.wikipedia.org/wiki/Category:Lua-scripted_video_games}}
}

@MISC{PYTHONgames,
 title = {Python scripted video games},
 howpublished = {\url{http://en.wikipedia.org/wiki/List_of_Python_software#Video_games}}
}


@book{bogost2007persuasive,
  title={Persuasive games: The expressive power of videogames},
  author={Bogost, Ian},
  year={2007},
  publisher={Mit Press}
}
@book{michael2005serious,
  title={Serious games: Games that educate, train, and inform},
  author={Michael, David R and Chen, Sandra L},
  year={2005},
  publisher={Muska \& Lipman/Premier-Trade}
}


@article{seriousgameslist,
  title={Serious games: An overview},
  author={Susi, Tarja and Johannesson, Mikael and Backlund, Per},
  year={2007},
  publisher={Institutionen f{\"o}r kommunikation och information}
}


@MISC{JavaScriptgames,
 title = {JavaScript games and engines},
 howpublished = {\url{http://en.wikipedia.org/wiki/JavaScript}}
}

@MISC{CSHARPgames,
 title = {C\# games and engines},
 howpublished = {\url{http://en.wikipedia.org/wiki/Mono_%28software%29}}
}

@misc {ESAreport,
title = {Essential Facts About the Computer and Video Game Industry 2011},
year = {2011}
}
@misc{milner1989communication,
  title={Communication and Concurrency. International series in computer science},
  author={Milner, Robin},
  year={1989},
  publisher={Prentice hall Englewood Cliffs}
}

@book{milner1999communicating,
  title={Communicating and mobile systems: the pi calculus},
  author={Milner, Robin},
  year={1999},
  publisher={Cambridge university press}
}

@book{hillston2005compositional,
  title={A compositional approach to performance modelling},
  author={Hillston, Jane},
  volume={12},
  year={2005},
  publisher={Cambridge University Press}
}

@article{viroli2004towards,
  title={Towards a formal foundation to orchestration languages},
  author={Viroli, Mirko},
  journal={Electronic notes in theoretical computer science},
  volume={105},
  pages={51--71},
  year={2004},
  publisher={Elsevier}
}
@article{misra2007computation,
  title={Computation orchestration},
  author={Misra, Jayadev and Cook, William R},
  journal={Software \& Systems Modeling},
  volume={6},
  number={1},
  pages={83--110},
  year={2007},
  publisher={Springer}
}

@inproceedings{bilas2002data,
  title={A data-driven game object system},
  author={Bilas, Scott},
  booktitle={Game Developers Conference Proceedings},
  year={2002}
}

@incollection{maggiore2012designing,
  title={Designing Casanova: a language for games},
  author={Maggiore, Giuseppe and Span{\`o}, Alvise and Orsini, Renzo and Costantini, Giulia and Bugliesi, Michele and Abbadi, Mohamed},
  booktitle={Advances in Computer Games},
  pages={320--332},
  year={2012},
  publisher={Springer}
}

@ONLINE{Postmortem:Mommy:Best:Games:Weapon:of:Choice,
 author = {Nathan, Fouts},
 title = {Postmortem: Mommy's Best Games' Weapon of Choice},
 month = January,
 year = {2009},
 url = {http://www.gamasutra.com/view/feature/132292/ postmortem\_mommys\_best\_games\_.php?page=2}
}
@ONLINE{Most:Popular:Programming:Languages:of:2014,
 title = {Most Popular Programming Languages of 2014},
 month = February,
 year = {2014},
 url = {http://blog.codeeval.com/codeevalblog/2014\#.Uu\_KH3ewLhJ}
}
@inproceedings{dijkstra1979programming,
  title={Programming considered as a human activity},
  author={Dijkstra, Edsger},
  booktitle={Classics in software engineering},
  pages={1--9},
  year={1979},
  organization={Yourdon Press}
}
@MISC{Unity3D,
 title = {Unity 3D},
 howpublished = {\url{https://unity3d.com/}}
}
@MISC{codeplexSource,
 title = {Performance evaluation code comparison},
 howpublished = {\url{https://casanova.codeplex.com/wikipage?title=Casanova%20Performance%20Comparison}}
}