@article{DBLP:journals/cacm/Knuth74,
	Author = {Donald E. Knuth},
	Doi = {10.1145/361604.361612},
	Journal = {Commun. {ACM}},
	Number = {12},
	Pages = {667--673},
	Title = {{Computer Programming as an Art}},
	Volume = {17},
	Year = {1974}}
